1394 2503
110 191 126 199 ,.
136 191 152 208 ἡ,
563 159 816 196 CICERONIS

118 244 170 283 (ie
202 255 288 296 quo
327 240 584 295 ambigitur,
630 240 837 292 haerere‚·
880 241 937 283 d‘e
979 241 1137 298 quibus
1176 241 1278 285 satis

119 305 183 339 est
211 298 394 349 dictum,
434 297 542 340 alios
572 296 735 339 assumi
765 298 1058 350 extrinsecu83
1092 298 1147 339 de
1167 297 1237 339 his
1260 301 1275 321 ¹

119 369 258 411 pauca
289 353 505 396 dicamus:
554 356 633 396 etsi
672 368 722 395 ea
759 354 868 396 nihil
908 356 1088 397 omuino
1117 353 1171 397 ad
1201 370 1281 397 ve-

119 420 225 453 stras
248 411 560 467 disputationes
582 412 827 469 pertinent3
868 412 941 453 sed
967 419 1111 453 tamen
1142 419 1279 453 totam

118 484 217 509 rem
269 467 574 524 perficiamus,
631 467 991 524 quandoquidem
1039 468 1279 524 coepimus.

118 526 275 580 Neque
306 525 423 565 enim
454 533 502 565 tu
531 526 568 566 is
589 540 655 574 es,
685 539 818 580 quem
848 525 978 576 nihil,
1006 525 1092 568 nisi
1114 527 1183 568 ius
1215 526 1282 567 ci-

119 581 222 633 vile,
252 581 450 624 delectet:
481 589 526 623 et
557 581 764 636 quoniam
793 582 845 624 ad
871 592 915 625 te
945 582 1051 625 haec
1079 582 1138 623 ita
1167 582 1280 625 scri-

119 642 305 692 buntur,
333 646 383 681 ut
413 638 544 680 eiiam
573 639 621 681 in
652 639 841 682 aliorum
866 653 1024 682 manus
1055 639 1141 680 sint
1168 649 1283 680 ven·-

118 706 242 748 tum,
303 695 433 738 detur
470 710 631 753 opera,
661 704 731 748 ,ut
778 696 1161 753 quamplurimum
1201 696 1284 750 iis,

120 768 230 809 quos
260 761 378 796 recta
399 754 539 795 studia
556 753 790 805 delectant,
820 754 1029 810 prodesse
1049 753 1284 810 possimus.

116 812 244 853 Haec
280 825 384 864 ergo
428 810 772 866 argumentatum
819 825 933 866 quae
975 810 1137 853 dicitur
1177 810 1283 852 artis

120 882 294 925 expers,
323 867 370 908 in
386 867 638 909 testimonio
657 867 801 925 posita
818 875 896 910 est.
955 866 1282 910 Testimonium

119 932 268 966 aulem
293 938 412 966 nunc
441 924 627 966 dicimus
658 939 814 975 omne,
845 924 962 980 quod
992 924 1045 966 ab
1070 924 1216 980 aliqua
1233 938 1284 966 re

117 989 303 1023 externa
325 981 517 1024 sumitur
538 981 592 1022 ad
613 980 862 1024 faciendam
879 980 1028 1023 fidem.
1087 981 1285 1023 Persona

117 1047 266 1081 autem
308 1053 400 1080 non
442 1038 777 1094 qualiscumque
819 1038 1062 1081 testimonii
1107 1037 1285 1094 pondus

116 1095 272 1146 habet3
325 1096 378 1137 ad
415 1094 665 1137 faciendam
705 1095 828 1137 enim
864 1095 998 1138 fidem
1044 1095 1284 1137 auctoritas

118 1154 368 1208 quaeritur3
425 1152 499 1194 sed
547 1153 852 1195 auctoritatem
898 1160 973 1194 aut
1012 1160 1169 1195 natura
1207 1157 1284 1192 aut

117 1217 290 1265 tempus
320 1208 462 1251 affert.
529 1211 727 1253 Naturae
764 1210 1001 1251 auctoritas
1040 1208 1089 1249 in
1118 1208 1284 1250 virtute

116 1266 232 1308 inest
260 1266 478 1308 maxime:
497 1268 518 1288 ²
548 1266 593 1307 in
614 1273 815 1323 tempore
835 1275 980 1308 autem
1002 1265 1146 1308 multa
1163 1271 1280 1317 sunt,

116 1337 227 1379 quae
255 1323 444 1364 afferant
475 1323 804 1376 auctoritatem,
855 1323 1107 1379 ingenium,
1152 1329 1296 1379 opes(

116 1388 255 1431 aetaS,
285 1378 485 1431 fortuna,
515 1395 611 1431 ars,
643 1394 774 1433 usus,
805 1379 1060 1430 necessitas,
1090 1393 1283 1421 concur-

115 1437 182 1478 sio
225 1436 360 1479 etiam
398 1451 738 1493 nonnumquam
785 1452 940 1480 rerum
979 1435 1282 1478 fortuitarum.

115 1493 236 1536 Nam
266 1502 308 1535 et
347 1493 618 1549 ingeniosos,
667 1501 711 1535 et
752 1496 1006 1551 opulentos,
1053 1500 1097 1534 et
1131 1492 1282 1536 aetatis

116 1551 256 1607 spatio
286 1551 511 1607 probatos,
544 1551 721 1606 dignos,
751 1552 906 1608 quibus
938 1549 1163 1602 credatur,
1191 1563 1283 1606 pu-

115 1615 227 1649 tant:
265 1622 358 1648 non
386 1616 504 1649 recte
526 1606 730 1660 fortasse,
763 1608 837 1650 sed
861 1607 983 1662 vulgi
1004 1607 1155 1662 opinio
1174 1620 1282 1648 mu-

116 1665 199 1705 tari
228 1665 307 1706 vix
335 1671 499 1721 potest,
540 1667 592 1706 ad
623 1679 807 1720 eamque
836 1666 985 1706 omnia
1020 1662 1214 1718 dirigunt
1236 1671 1281 1705 et

115 1721 191 1776 qui
220 1721 440 1770 iudicant,
488 1728 531 1763 et
570 1723 647 1777 qui
689 1722 954 1764 existimant.
1027 1718 1121 1776 Qui
1160 1719 1280 1762 enim

112 1776 183 1818 his
214 1779 366 1828 rebus,
406 1792 514 1834 quas
543 1778 656 1830 dixi,
705 1779 946 1829 excellunt,
994 1777 1088 1833 ipsa
1113 1776 1278 1819 virtute

113 1834 315 1876 videntur
345 1836 572 1878 excellere.
631 1835 714 1877 Sed
737 1837 914 1892 reliquis
938 1848 1111 1890 quoque
1131 1834 1278 1883 rebus,

112 1904 218 1946 quas
249 1891 380 1932 modo
411 1893 692 1938 enumeravi.
723 1905 992 1949 quamquam
1013 1891 1060 1932 in
1083 1890 1135 1932 iis
1158 1890 1278 1931 nulla

112 1948 274 2003 species
313 1949 486 1991 virtutis
517 1956 599 1991 est:
650 1956 798 1991 tamen
840 1949 1063 1991 interdum
1108 1945 1275 1988 confir-

111 2012 259 2046 matur
288 2002 420 2053 fides,
473 2006 511 2047 si
549 2013 624 2047 aut
658 2021 730 2049 ars
771 2006 981 2062 quaedam
1022 2003 1276 2053 adhibeturJ,

152 2163 184 2207 1)
210 2163 267 2196 Sic
287 2164 341 2195 ed.
362 2161 453 2195 Kob.
481 2161 588 2207 Vulg.
609 2162 651 2195 de
674 2161 728 2196 iis.

149 2241 182 2282 τ’)
210 2244 354 2282 maxjma
374 2244 461 2276 Μεε.
484 2248 555 2276 tres
583 2253 640 2288 cp.
667 2244 806 2277 Gruter.
