1394 2503
208 164 536 203 PARTITIONES
568 162 864 200 ORATORAIE.
913 164 1017 201 CAI'.
1044 165 1100 200 25.
1172 164 1238 200 545

75 256 162 288 tur.
193 247 210 268 ¹
277 243 349 285 Sic
385 240 835 301 suasoriutrumque
878 244 1126 286 docendum
1157 248 1246 295 est,‘

62 301 312 344 dissuasori
341 300 531 343 alterum
559 299 789 345 infirmare
819 310 884 344 sat
914 309 991 344 est.

155 414 337 470 vXXV.
394 414 547 471 Quare
595 417 806 472 quoniam
845 416 894 457 in
932 415 998 456 his
1039 421 1242 456 versatur

74 479 209 516 onine
239 472 476 515 consilium
508 474 702 526 duobus,
740 475 792 515 de
821 473 1009 514 utilitate
1038 479 1140 512 ante
1167 470 1242 512 di-

75 538 249 578 camus,
291 545 403 585 quae
440 530 489 571 in
520 531 816 573 discernendis
858 530 984 571 bonis
1024 528 1244 582 malisque

73 594 294 630 versatur.
352 588 581 630 Bonorum
623 595 771 629 autem
803 588 967 643 partim
996 584 1241 628 necessaria

74 652 201 695 sunt,
239 651 287 686 ut
326 645 434 696 vita,
490 644 721 703 pudicitia,
768 645 967 694 libertas,
1008 652 1055 685 ut
1092 641 1241 692 liberi,

75 702 304 756 coniugeS‚
335 703 549 757 germani,
577 711 806 759 parentes:
838 703 1001 758 partim
1033 715 1124 742 non
1153 713 1241 740 ne-

75 759 288 810 cessaria3
315 761 337 782 ²
366 774 559 815 quorum
589 759 675 801 alia
699 768 802 802 sunt
832 774 913 815 per
947 774 993 800 se
1021 764 1241 814 expeten-

76 816 160 866 da,
203 825 252 858 ut
290 831 363 866 ea,
412 831 526 872 quae
564 817 645 858 sita
682 820 786 858 sunt
824 818 869 857 in
914 815 1068 857 officiis
1107 821 1242 867 atque

75 873 333 917 virtutibus:
372 873 480 924 alia,
522 875 639 929 quod
673 873 835 926 aliquid
875 871 1095 914 commodi
1135 868 1240 911 effi-

74 931 218 980 ciunt,
245 937 296 972 ut
325 944 427 986 opes
460 938 500 972 et
529 931 693 986 copiae.
731 931 904 972 Eorum
933 939 1095 979 autem,
1127 941 1243 983 quae

73 994 258 1045 propter
287 1002 334 1029 se
361 995 655 1045 expetuntur,
685 988 849 1044 partim
878 987 1103 1029 honestate
1131 985 1242 1040 ipsa,

74 1045 242 1103 partim
280 1045 594 1086 commoditate
628 1044 777 1100 aliqua
818 1052 1112 1100 expetuntur:
1151 1042 1241 1083 ho-

75 1109 273 1150 nestate,
304 1112 378 1153 ea,
410 1117 522 1158 quae
551 1101 894 1159 proficiscuntur
924 1101 978 1143 ab
1008 1101 1061 1143 iis
1089 1099 1242 1141 virtu-

76 1159 209 1211 tibus,
239 1159 294 1200 de
322 1159 479 1213 quibus
507 1159 657 1215 paullo
677 1167 779 1201 ante
808 1167 872 1201 est
901 1158 1096 1207 dictum;
1126 1170 1240 1211 quae

83 1220 190 1258 su‘nt
236 1215 471 1257 laudabilia
517 1216 616 1272 ipsa
674 1231 751 1272 per
808 1231 878 1266 se3
929 1213 1241 1257 commoditate

78 1280 227 1314 autem
257 1272 427 1327 aliqua,
468 1287 578 1328 quae
616 1281 718 1314 sunt
747 1274 794 1315 in
825 1273 1044 1330 corporis,
1084 1278 1161 1312 aut
1188 1269 1242 1312 in

80 1328 290 1371 fortunae
309 1330 445 1371 ‘bonis
480 1330 736 1386 expetenda.
777 1330 988 1386 Quorum
1019 1328 1104 1370 alia
1134 1332 1240 1369 sunt

78 1386 407 1442 quodammodo
441 1390 456 1415 ³
484 1402 588 1429 cum
627 1387 851 1430 honestate
887 1387 1147 1436 coniuncta,
1190 1390 1241 1424 ut

78 1443 246 1495 honos,
282 1451 333 1485 ut
361 1443 522 1498 gloria:
562 1444 646 1484 alia
676 1443 872 1495 diversa,
901 1452 949 1485 ut
979 1444 1109 1493 vires,
1138 1440 1240 1482 for—

79 1514 180 1547 ma,
228 1500 449 1547 valitudo,
488 1500 719 1552 nobilitas,
762 1500 960 1551 divitiae,
997 1498 1239 1541 clientelae.

79 1557 159 1599 Est
195 1557 330 1598 etiam
369 1556 582 1611 quaedam
634 1557 757 1612 quasi
800 1558 1005 1599 materies
1046 1554 1240 1597 subiecta

78 1613 323 1657 honestati:
370 1629 483 1670 quae
521 1614 720 1657 maxime
758 1621 980 1672 spectatur
1008 1613 1056 1655 in
1084 1610 1239 1656 amici-

130 1767 169 1810 1)
195 1768 255 1801 Sic
281 1769 402 1814 Guelf'.
430 1767 510 1802 Erl.
539 1767 592 1802 ed.
613 1769 700 1802 Ven.
727 1766 823 1814 quod
844 1772 938 1800 recte
963 1763 1125 1805 restituit
1150 1764 1241 1804 ,Erus

83 1813 202 1859 Vulgo
222 1825 286 1847 nec
304 1815 520 1859 suscipiatur.

127 1869 168 1913 2)
192 1869 274 1904 Nisi
302 1871 502 1903 Ciceronem
527 1869 742 1904 subtilitatis
769 1870 808 1902 in
828 1866 1023 1913 partiendo
1055 1864 1240 1911 neglectae

81 1927 234 1960 arguere
260 1915 430 1959 velimus,
474 1927 613 1948 necesse
641 1923 694 1949 est
720 1916 896 1960 quaedam
928 1915 987 1946 hic
1013 1910 1240 1956 interpolata

81 1972 156 1994 esse
180 1967 398 1995 statuamus.
450 1964 560 1994 Recte
584 1973 621 1994 se
653 1961 799 1995 habebit
824 1960 993 1993 bonorum
1015 1958 1162 1999 divisio,
1206 1956 1241 1989 εἰ

80 2006 210 2049 eiectis}
220 2007 356 2040 verbis:
369 2018 515 2053 quorum
530 2008 598 2040 alia
614 2026 658 2032 -—-
676 2018 760 2052 opes
778 2014 813 2040 et
838 2007 972 2051 copiae,
995 2005 1046 2037 sic
1065 2002 1242 2048 procedat

78 2053 218 2085 oratio:
240 2053 366 2095 partim
387 2065 461 2086 non
488 2053 690 2086 necessaria.
737 2054 875 2086 Horum
898 2052 1024 2096 partim
1042 2055 1189 2094 propter
1205 2058 1242 2079 se

77 2104 114 2131 et
130 2098 308 2132 honestate
322 2100 407 2143 ipsa,
423 2099 547 2143 partim
557 2099 803 2132 commoditate
818 2099 930 2142 aliqua
949 2099 1157 2140 expetuntur
1175 2100 1243 2126 etc.

125 2163 159 2206 ὅ)
189 2163 303 2209 Vulgo
329 2172 410 2197 sunt
430 2167 524 2210 quasi
547 2159 820 2211 quodammodo,
879 2163 997 2207 Gue'lfi
1025 2161 1103 2196 Erl.
1133 2162 1242 2195 omit·-

77 2213 163 2240 tunt
191 2210 461 2254 quodammodO.
511 2212 613 2258 Quod
641 2213 812 2256 imitatus
832 2216 886 2244 est
911 2209 1114 2243 Ernestius.
1159 2205 1243 2240 *Sed

80 2253 211 2288 molins
226 2254 365 2289 deletur
385 2258 492 2301 quasi.
