1394 2503
123 140 192 180 158
578 137 835 176 CICERONIS

123 237 178 266 ra
197 226 363 263 restant
384 216 641 262 admodum.
697 219 756 262 Et
776 233 930 262 earum
951 220 1130 278 quidem
1148 219 1295 264 forma

127 278 295 335 duplex
318 284 397 320 est:
430 291 619 334 quarum
641 276 779 319 altera
798 277 1134 322 delectationem
1149 287 1293 321 secta·

125 344 202 379 tur
237 335 443 377 aurium:
484 338 499 358 ¹
536 335 741 387 alterius,
790 342 840 376 ut
881 335 1098 389 obtineat,
1134 336 1295 394 probet

128 402 172 436 el.
191 391 486 447 efficiat-quod
508 392 612 448 agit,
641 391 787 434 omnis
800 399 866 434 est
882 400 1086 450 suscepta
1106 401 1294 436 conten-

127 452 204 493 tio.
277 450 429 506 Itaque
460 449 568 491 illud
590 450 795 506 superius
844 449 1075 492 exornatio
1109 449 1295 501 dicitur3

124 507 242 565 quod
285 521 425 563 quum
451 507 590 549 latum
622 521 759 564 genus
780 521 872 549 esse
899 514 1066 565 potest,
1102 520 1297 563 saneque

123 565 302 607 varium
316 595 327 616 ‚
358 579 499 605 unum
520 580 578 607 ex
599 579 651 607 eo
671 563 939 619 delegimus,
979 562 1097 620 quod
1117 563 1172 604 ad
1196 565 1295 607 lau-

124 623 294 665 dandos
313 622 454 663 claros
474 622 596 664 viros
618 622 905 678 suscipimus,
936 624 958 645 2
988 628 1032 663 et
1049 620 1102 662 ad
1126 621 1297 678 impro-

124 679 202 722 bos
222 676 553 737 vituperandos.
610 681 765 721 Genus
785 678 906 721 enim
928 678 1102 720 nullum
1122 685 1188 719 est
1199 692 1299 720 ora·

123 737 283 789 tionis,
335 735 450 792 quod
489 744 565 778 aut
599 736 780 777 uberius
821 735 876 776 ad
911 734 1169 788 dicendum,
1222 741 1300 779 aut

123 795 277 838 utilius
298 792 547 836 civitatibus
575 807 669 835 esse
691 793 858 850 possit,
897 793 1030 835 autin
1051 807 1137 849 quo
1159 792 1300 849 magia

123 853 274 894 orator
292 851 339 892 in
359 851 609 906 cognitione
628 850 847 892 virtutum
869 849 1170 905 vitiorumque
1190 864 1298 892 ver·-

124 916 264 952 setur.
324 907 567 963 Reliquum
587 915 738 949 autem
757 921 896 964 genus
931 921 1167 950 causarum
1183 939 1193 957 ,
1221 914 1300 951 aut

123 967 174 1010 in
207 963 465 1022 provisione
493 966 661 1022 posteri
700 964 937 1022 temporis,
987 972 1065 1006 aut
1098 964 1145 1006 in
1163 979 1297 1020 prae-

124 1023 243 1066 teriti
272 1021 587 1078 disceptatione
624 1030 851 1065 versatur:
882 1036 1076 1077 quorum
1105 1021 1298 1065 altemm

125 1079 457 1122 deliberationis
497 1086 588 1128 est,
626 1079 817 1122 alterum
855 1078 1021 1122 iudicii.
1108 1079 1183 1121 Ex
1210 1093 1298 1134 qua

123 1137 364 1197 partitione
387 1137 477 1178 tria
506 1150 669 1193 genera
726 1151 961 1180 causarum
1006 1137 1297 1187 exstiterunt3

124 1209 294 1243 unum,
332 1193 450 1249 quod
486 1208 511 1235 a
544 1193 718 1235 meliori
740 1202 889 1250 parte,
927 1193 1194 1235 laudationis
1229 1199 1295 1234 est

125 1252 426 1310 appellatum3
447 1250 777 1293 deliberationis
787 1251 999 1301 alterum3
1026 1250 1207 1291 tertium
1222 1250 1295 1291 iu-

123 1309 363 1351 diciorum.
427 1307 735 1365 Quamobrem
766 1307 822 1349 de
840 1306 991 1366 primo
1011 1306 1229 1364 primum,
1258 1305 1297 1349 si

123 1364 294 1425 placet,
325 1364 616 1422 disputemus.

210 1421 270 1466 F.
303 1422 419 1464 Mihi
441 1437 547 1464 vero
568 1422 726 1478 placet.
1139 1446 1142 1449 <

209 1479 270 1523 P.
301 1479 369 1521 Ac
378 1479 580 1521 laudandi
593 1476 958 1535 vituperandique
966 1477 1171 1526 rationes,
1184 1491 1297 1535 quae

124 1551 218 1581 non
239 1535 295 1579 ad
317 1537 428 1579 bene
449 1536 683 1579 dicendum
703 1536 860 1585 solum,
888 1535 963 1578 sed
985 1536 1118 1578 eliam
1136 1536 1190 1577 ad
1209 1535 1294 1576 ho-

126 1603 251 1638 neste
287 1594 531 1637 vivendum
582 1595 752 1644 valent,
808 1606 1034 1649 exponam
1082 1591 1293 1641 breviter,

126 1660 258 1708 atque
309 1666 333 1692 a
378 1651 610 1709 principiis
655 1649 864 1693 exordiar
918 1657 962 1691 et
1003 1647 1210 1692 laudandi
1249 1655 1293 1689 et

123 1707 424 1765 vituperandi.
484 1708 651 1752 Omnia
691 1706 810 1749 enim
850 1714 954 1748 sunt
976 1704 1174 1763 profecto
1193 1706 1294 1748 luu-

125 1767 291 1817 danda,
342 1779 454 1822 quae
492 1765 727 1807 coniuncta
759 1778 861 1805 cum
887 1764 1052 1806 virtute
1077 1770 1201 1805 sunt:
1251 1769 1295 1805 et

157 1838 240 1864 uae
272 1837 375 1865 cum
417 1822 552 1875 vitiis,
600 1820 902 1880 vituperanda.
987 1820 1294 1876 Quamobrem

123 1837 230 1923 gnis
257 1880 436 1922 alterius
466 1888 531 1922 est
555 1879 790 1932 honestas,
838 1877 1020 1920 alterius
1049 1876 1292 1935 turpitudo,

173 2046 215 2090 ι)
239 2046 306 2081 Vel
329 2044 519 2079 delendum
542 2049 616 2085 est,
641 2048 683 2075 ut
707 2042 853 2088 opinor,
878 2039 1009 2076 aurium
1018 2062 1028 2079 ,
1053 2035 1114 2071 vel
1128 2035 1290 2071 scriben-

124 2091 211 2128 dum
228 2092 435 2126 auditorum.
470 2091 534 2122 Ita
546 2086 678 2133 paullo
696 2095 802 2134 post.-
825 2084 1121 2134 quoniam-ratio
1152 2081 1199 2117 ad
1217 2093 1287 2115 vo-

126 2140 296 2184 luptatem
321 2136 492 2171 auditoris
503 2153 521 2161 ·—
531 2135 694 2169 refertur.

173 2185 214 2228 α)
239 2186 298 2218 Sic
325 2182 446 2228 Gay.
474 2180 584 2226 idque
620 2185 716 2214 nete
751 2178 912 2226 reposuit
947 2175 1039 2211 Bm.
1072 2184 1146 2221 pro
1191 2170 1290 2218 vulg-

122 2240 350 2275 nuncopante.
