1394 2503
137 181 200 216 156
473 177 765 212 SUMMARIUM
787 178 1042 212 ORATORIS.

202 260 412 312 quemdam
432 271 465 296 c.
488 256 554 297 55.
578 257 721 296 deinde
739 257 782 295 hi
811 259 970 296 numeri
999 260 1203 310 poeticine
1231 261 1312 300 sint

201 332 252 356 an
295 331 346 354 ex
381 316 457 353 alio
497 315 668 365 quodam
706 328 876 365 genere,
917 318 1121 366 quaeritur
1161 331 1194 355 c.
1240 319 1306 357 56.

202 382 289 413 tum
331 375 399 425 qui
439 373 612 410 maxime
658 372 800 408 cadant
825 372 879 409 .in
920 373 1140 411 orationem
1177 380 1308 424 aptam

201 432 361 469 numeri
399 444 433 470 c.
467 432 532 475 57.
576 429 720 466 deinde
762 429 831 479 qui
860 430 1017 467 numeri
1046 444 1135 468 cum
1166 431 1307 480 quibus

197 487 395 527 miscendi
432 487 534 531 sint,
586 492 625 523 et
665 486 806 536 quibus
849 486 1058 535 generibus
1097 488 1176 525 sint
1215 488 1307 538 qui-

202 559 280 596 que
309 542 709 580 accommodatissimi
738 556 770 579 c.
793 540 857 582 58.
890 542 1062 593 denique
1091 550 1231 581 totone
1261 545 1305 582 in

200 601 351 639 ambitu
385 600 601 638 verborum
638 599 795 636 numeri
834 599 997 636 tonendi
1036 600 1140 648 sint,
1177 614 1225 637 an
1263 601 1307 638 in

202 658 342 710 primis
360 657 535 708 partibus
557 663 673 707 atque
693 656 737 693 in
758 657 958 694 extremis.
978 670 1010 693 c.
1047 655 1114 707 59.
1144 657 1307 694 Postre-

201 729 268 753 mo
318 715 387 751 illa
436 713 585 764 capita,
637 726 736 763 quae
778 714 981 763 pertinent
1033 713 1081 750 ad
1126 721 1307 752 naturam

201 771 361 811 numeri
389 771 554 807 oratorii
582 769 899 819 intelligendam,
930 770 1088 807 brevius
1114 777 1309 821 repetun—

200 834 282 866 tur.
313 841 346 864 c.
379 828 445 866 60.
476 826 582 863 Usus
609 832 739 863 autem
769 827 927 863 numeri
957 828 1119 864 oratorii
1146 828 1204 865 sic
1234 841 1308 865 ex-

203 885 398 936 plicatur,
434 889 480 920 ut
511 884 686 933 primum
722 883 766 919 in
807 885 931 920 causis
969 883 1193 921 forensibus
1224 897 1309 922 non

202 954 382 992 semper,
419 946 464 976 ut
502 941 545 976 in
575 939 790 991 epidictico
821 953 987 990 genere,
1029 954 1075 978 eo
1114 941 1308 978 utendum

203 1012 286 1035 esse
322 997 510 1033 doceatur
547 1009 579 1033 c.
620 997 696 1043 623
740 996 902 1042 deinde,
934 1010 1012 1047 quo
1041 997 1130 1034 loco
1161 997 1212 1034 sit
1239 997 1311 1035 ad-

201 1054 376 1092 hibenda
407 1066 622 1090 numerosa
659 1054 785 1090 oratio
826 1060 864 1091 et
902 1054 1092 1104 quamdiu
1128 1054 1309 1092 retinen-

204 1111 253 1148 da
291 1124 324 1147 c.
372 1108 446 1157 633
488 1116 573 1146 tum
605 1116 702 1160 quot
730 1110 858 1147 modis
887 1116 1093 1147 mutentur
1122 1124 1309 1162 compre-

202 1167 416 1205 hensiones
453 1173 492 1203 et
531 1166 728 1203 clausulae
768 1180 800 1206 c.
841 1168 917 1213 643
957 1166 1101 1203 deinde
1131 1167 1199 1216 qui
1229 1180 1307 1204 nu-

200 1238 335 1262 merus
366 1236 416 1260 ex
445 1223 737 1273 compositione
768 1229 808 1260 et
847 1236 992 1273 genere
1021 1224 1305 1261 concinnitatis

202 1294 314 1318 cons
314 1285 468 1329 quatur
497 1293 528 1316 c.
558 1280 625 1319 65.
659 1285 697 1316 et
726 1280 924 1328 quomodo
954 1280 1102 1330 partim
1132 1280 1175 1316 in
1203 1280 1308 1317 inci-

202 1338 276 1382 sis,
316 1337 461 1387 paltini
491 1337 531 1372 in
562 1337 748 1372 inernblis
780 1337 933 1373 eluceat
962 1350 997 1374 e.
1031 1336 1095 1375 66-
1125 1336 1192 1385 67.
1230 1336 1308 1374 Ul-

172 1407 174 1409 ·
201 1394 302 1430 timo
339 1393 429 1430 loco
469 1392 619 1429 utilitas
647 1394 805 1430 numeri
832 1393 998 1431 01atorii
1028 1384 1246 1444 exponitur
1272 1407 1306 1432 c.

202 1448 380 1498 68-71.

145 1562 284 1600 Brevis
315 1561 493 1612 epilogus
533 1567 655 1600 totam
695 1561 1005 1613 disputationem
1045 1561 1161 1598 Bruti
1200 1560 1307 1598 iudi-

201 1618 264 1656 cio
295 1618 505 1656 submittit.
536 1633 569 1656 c.
607 1631 673 1669 72.
