1394 2503
142 116 209 153 528
589 114 843 152 CICERONIS

149 194 316 295 Ξυῒαῑίο
385 207 443 235 ex
507 192 708 235 locorum
779 193 1070 252 descriptione
1126 210 1305 240 sumen*

180 268 205 295 a
231 259 312 294 est.
866 258 871 259 ⁷

262 329 382 371 XIII.
437 329 494 372 F.
528 327 683 385 Agesis
713 342 839 383 ergo,
880 329 1086 384 quoniam
1118 331 1167 373 in
1197 346 1308 375 con-

150 386 450 430 firmationem
481 394 523 427 et
553 384 942 442 reprehensionem
972 385 1176 430 diviseras
1204 403 1309 430 ora—

151 445 283 488 tionis
312 443 467 493 fidem,
503 450 543 484 et
575 442 739 484 (lictum
774 443 827 484 de
869 445 1004 484 altero
1035 451 1121 486 est:
1163 459 1308 504 expo-

152 516 209 543 ne
238 515 357 541 nunc
387 500 439 540 de
469 499 848 556 reprehendendo.

238 557 296 599 P.
333 557 426 598 Aut
457 565 594 597 totum
630 564 692 597 est
714 555 981 613 negandum,
1011 557 1126 612 quod
1157 556 1202 597 in
1232 571 1310 598 ar-

151 614 479 670 gumentatione
508 613 785 655 adversarius
815 615 1064 671 sumpserit,
1095 613 1130 655 si
1158 612 1313 655 fictum

151 679 227 713 aut
254 669 418 711 falsum
449 685 542 712 esse
562 671 703 727 possis
731 672 906 719 docere-3
935 680 1008 713 aut
1037 671 1310 727 redarguen-

153 727 207 770 da
237 742 315 777 ea,
361 742 472 783 quae
508 742 591 784 pro
629 727 945 769 verisimilibus
986 735 1159 784 sumpta
1197 727 1308 768 sint:

151 784 349 844 primum
379 783 511 824 dubia
541 792 717 841 sumpta
734 799 827 825 esse
853 798 936 841 pro
967 786 1124 836 certis}
1155 783 1310 825 deinde

153 841 287 883 etiam
328 841 371 881 in
412 841 642 897 perspicue
680 839 800 882 falsis
843 843 993 883 eadem
1037 856 1162 897 posse
1200 840 1309 889 dici,-

153 906 248 940 tum
278 911 336 939 ex
365 897 440 945 iis,
484 912 594 952 quae
617 897 877 953 sumpserit,
909 913 993 939 non
1026 896 1159 949 effici,
1190 896 1311 953 quod

151 955 274 997 velit.
333 954 555 997 Accidere
586 962 732 995 autem
762 962 932 1010 oportet
955 956 1149 1011 singula:
1191 958 1206 978 ¹
1250 953 1311 996 sic

151 1011 359 1054 universa
416 1008 686 1067 frangentur.
762 1012 1162 1054 Commemoranda
1211 1018 1312 1053 sunt

153 1069 288 1111 etiam
318 1068 547 1124 exempla,
585 1069 746 1123 quibus
775 1069 909 1110 simili
939 1069 988 1110 in
1018 1067 1310 1126 disputatione

152 1125 372 1167 creditum
419 1140 509 1167 non
555 1124 608 1166 sit
619 1141 630 1175 3
679 1127 987 1180 conquerenda
1033 1128 1055 1165 ,Ζ
1119 1123 1308 1166 conditio

153 1181 401 1224 communis
432 1182 648 1239 periculi,
679 1183 715 1223 si
744 1182 926 1237 ingeniis
957 1181 1189 1223 hominum
1217 1179 1310 1223 cri-

150 1239 433 1281 minosorum
462 1239 515 1281 sit
545 1239 748 1294 exposita
774 1239 863 1280 vita
892 1238 1208 1280 innocentium.

264 1316 391 1357 XIV.
457 1315 512 1357 F.
566 1316 795 1372 Quoniam
855 1315 974 1357 unde
1026 1316 1312 1357 inveniuntur

151 1387 260 1428 quae
298 1371 352 1414 ad
384 1371 514 1413 fidem
539 1372 780 1428 pertinent,
819 1371 977 1422 habeo,
1018 1372 1312 1429 quemadmo-

151 1432 260 1472 dum
288 1429 337 1471 in
365 1428 547 1470 dicendo
577 1429 748 1484 singula
775 1437 1039 1481 tractentur,
1070 1436 1290 1485 exspectO.

235 1487 292 1528 P.
326 1487 551 1541 Quaerere
575 1485 753 1536 videris,
786 1488 801 1513 ³
861 1500 974 1542 quae
1003 1488 1058 1528 sit
1073 1499 1314 1544 argumen-

151 1544 186 1586 ti
211 1542 460 1600 explicatiO.
489 1547 511 1571 4

199 1679 238 1723 1)
261 1679 442 1722 Optimam
453 1678 547 1710 hanc
558 1676 743 1709 lectionem
756 1675 921 1708 revocavi
931 1687 973 1707 ex
986 1674 1040 1707 ed.
1056 1670 1195 1706 Omnib.
1220 1669 1312 1704 Kob.

245 1724 363 1768 Vulgo
388 1725 551 1757 accedere
569 1730 683 1756 autem
708 1729 847 1765 oportet
869 1721 912 1753 ad
937 1720 1084 1763 singula.
1131 1718 1312 1752 Nimirum

244 1770 362 1803 Cicero
380 1782 401 1801 α
410 1769 595 1814 fasciculo
615 1768 819 1800 baculorum
832 1767 1025 1811 imaginem
1044 1770 1230 1797 mutuatus
1243 1768 1313 1812 esf,
1357 1788 1360 1790 .

222 1827 328 1860 ¹quos
346 1816 380 1848 ,ςὶ
395 1814 556 1859 singulos
576 1814 765 1854 accideris,
788 1812 845 1844 vel
862 1812 1040 1850 incideris,
1067 1808 1184 1854 facile
1194 1818 1315 1854 poss-ts

243 1862 428 1894 universos
441 1862 629 1906 frangere.

197 1926 240 1969 2)
260 1927 331 1959 Ed.
355 1925 446 1959 Kob.
476 1933 551 1959 tum
583 1925 769 1970 querenda.

197 1991 239 2035 5)
267 1991 381 2035 Vulgo
404 1991 736 2035 argumentationem
763 2003 928 2035 quaerere
951 1989 1094 2024 videris:
1129 1988 1165 2020 in
1189 1997 1257 2038 quo
1279 1997 1314 2017 v.

239 2039 574 2081 argumentationem
606 2037 679 2082 iam
698 2039 785 2070 Ern.
803 2044 896 2070 recte
916 2037 1059 2069 notavit
1088 2041 1128 2066 ut
1144 2043 1315 2078 spartum.

195 2103 237 2146 4)
268 2101 374 2146 Vulg.
400 2102 667 2147 interpolantur
685 2104 778 2136 ista:
808 2115 895 2146 qnae
924 2110 1035 2136 sumta
1066 2113 1107 2134 ex
1133 2099 1175 2132 iis
1217 2097 1317 2137 locis,

241 2148 300 2226 gui
330 2155 412 2181 sunt
435 2150 595 2194 expositi,
623 2147 840 2183 conficienda
859 2156 893 2183 et
917 2146 1160 2192 distinguenda
1187 2143 1315 2177 diluci-

271 2205 288 2227 e
313 2199 376 2227 est.
