1394 2503
154 123 223 157 520
611 120 864 158 CICERONIS

239 201 296 244 P.
338 201 419 244 Est
457 201 605 257 itaque
652 201 698 244 id
738 215 872 258 genus
910 209 1054 247 totum
1092 203 1232 246 situm
1263 203 1314 248 in

154 259 500 302 commutatione
529 258 793 301 verborum:
822 274 935 314 quae
963 263 1235 318 simplicibus
1265 262 1313 302 in

151 317 297 358 verbis
336 316 394 358 ita
419 324 653 367 tractatur,
693 324 740 358 ut
780 325 855 358 aut
893 332 950 359 ex
987 320 1123 362 verbo
1154 319 1314 360 dilate-

151 382 247 426 tur,
287 381 362 416 aut
400 374 445 415 in
483 374 670 414 verbum
702 373 986 416 contrahatur
1016 377 1167 417 oratio.
1238 376 1311 417 Ex

150 432 313 480 verbo,
353 445 490 486 quum
520 440 593 472 aut
622 430 876 486 proprium,
920 440 995 473 aut
1025 433 1141 474 idem
1170 432 1312 487 signi-

153 488 312 533 ficans,
367 497 441 530 aut
485 486 649 528 factum
697 489 886 529 verbum
922 489 969 530 in
1007 491 1139 546 plura
1174 489 1311 529 verba

154 545 391 587 diducitur.
442 542 492 584 In
514 546 701 585 verbum
735 552 882 587 autem
910 546 1185 588 contrahitur
1207 560 1311 587 ora-

153 602 240 654 tio,
286 604 301 624 ¹
353 615 491 657 quum
528 608 605 642 aut
633 600 832 644 definitio
871 603 922 643 ad
954 618 1094 644 unum
1125 604 1311 645 verbum

150 665 407 711 revocatur,
457 666 533 699 aut
569 667 793 715 assumpta
839 661 974 701 verba
1010 668 1312 711 removentur,

151 725 227 758 aut
254 715 301 756 in
333 716 540 757 circuitus
567 715 838 770 diriguntur,
868 720 889 740 2
918 725 992 758 aut
1030 717 1078 759 in
1119 717 1314 758 coniun-

148 774 294 815 ctione
323 773 373 813 fit
402 787 543 814 unum
573 773 758 814 verbum
789 789 846 814 ex
876 774 1059 816 duobus.
1119 773 1169 815 In
1199 787 1312 815 con-

150 830 312 872 iunctis
351 837 498 871 autem
546 829 690 872 verbis
741 829 902 886 triplex
940 831 1132 872 adhiberi
1166 837 1314 887 potest

153 885 465 935 commutatum
494 901 584 928 non
615 887 881 934 verborum,
907 887 981 928 sed
1011 887 1176 930 ordinis
1206 894 1312 928 tan-

149 944 404 986 tummodo:
435 951 496 993 ut,
527 958 665 998 quum
695 946 828 986 semel
859 944 1023 986 dictum
1051 945 1107 986 sit
1133 944 1309 995 directe,

153 1001 265 1043 sicut
294 1008 450 1041 natura
478 1005 577 1055 ipsa
604 1001 778 1052 tulerit,
815 1002 1063 1044 invertatur
1094 1001 1227 1049 ordo,
1267 1007 1314 1044 et

150 1059 275 1099 idem
313 1057 438 1113 quasi
476 1073 655 1100 sursum
691 1073 843 1100 versus
879 1067 1088 1115 retroque
1116 1057 1312 1109 dicatum

149 1115 308 1156 deinde
349 1114 468 1156 idem
506 1115 708 1156 intercise
747 1125 875 1172 atque
914 1117 1138 1173 permiste.
1195 1115 1312 1156 Elo-

150 1171 317 1227 quendi
333 1179 480 1212 autem
513 1171 770 1213 exercitatio
801 1174 996 1215 maxime
1024 1173 1071 1214 in
1101 1171 1185 1212 hoc
1213 1177 1308 1212 toto

152 1227 436 1270 convertendi
466 1243 627 1284 genere
655 1238 871 1272 versatur.

261 1341 359 1386 VII.
420 1341 475 1382 F.
514 1337 646 1382 Actio
684 1338 820 1397 igitur
856 1339 1073 1396 sequitur,
1124 1345 1177 1382 ut
1208 1338 1312 1397 opi-

148 1414 245 1441 nor.

257 1453 315 1498 P.
343 1453 424 1496 Est
448 1452 530 1494 ita:
570 1466 681 1507 quae
710 1453 891 1509 quidem
929 1453 1094 1496 oratori
1128 1460 1172 1496 et
1205 1466 1313 1497 cum

146 1526 299 1555 rerum
329 1518 371 1551 et
388 1524 488 1550 cum
511 1510 749 1551 verborum
767 1512 1004 1554 momentis
1021 1520 1310 1553 commutan-

151 1570 206 1610 da
227 1568 426 1611 maxime
451 1573 531 1610 est.
588 1567 713 1609 Facit
737 1569 854 1611 enim
878 1577 919 1613 et
940 1567 1178 1610 dilucidam
1200 1582 1310 1609 ora-

147 1627 331 1673 tionem,
362 1632 405 1665 et
424 1624 651 1668 illustrem.
678 1634 718 1667 et
736 1625 1024 1680 probabilem,
1052 1634 1094 1666 et
1108 1637 1308 1674 suavem,

142 1698 236 1726 non
267 1682 438 1734 verbis,
478 1682 552 1722 sed
580 1681 791 1723 varietate
821 1697 1003 1733 vocum,
1044 1688 1169 1722 motu
1199 1694 1306 1722 coi·-

143 1740 282 1797 poris,
310 1741 451 1790 vultu,
483 1752 594 1794 quae
609 1739 857 1797 plurimum
883 1740 1106 1790 valebunt,
1134 1737 1173 1779 si
1196 1750 1300 1778 cum

1199 1807 1307 1836 ora-
1331 1834 1333 1836 .

190 1912 225 1955 ι)
253 1911 369 1956 Vulgo
390 1910 583 1944 diducitur:
609 1921 649 1942 ex
667 1908 844 1950 oratione,
868 1919 971 1954 quum
991 1910 1070 1943 etc.'
1101 1908 1204 1954 Quod
1218 1903 1307 1941 sub-

147 1958 350 1998 stituimus,
372 1957 410 1989 in
432 1955 619 1989 nonnullis
640 1955 718 1988 edd.
745 1955 878 2000 legitur
898 1961 988 1988 teste
1009 1954 1241 2000 Gothosredo.

191 2022 229 2065 2)
255 2021 370 2055 Verba
395 2030 453 2055 aut
472 2024 505 2055 in
524 2023 686 2055 circuitus
708 2022 905 2064 diriguntur
927 2021 986 2054 laic
1008 2032 1159 2064 prorsus
1181 2018 1306 2052 aliena

144 2074 241 2110 sunt,
264 2080 370 2112 qaum
390 2068 448 2101 liic
469 2070 510 2100 de
529 2070 792 2106 contractione,
820 2079 889 2099 non
912 2068 955 2099 de
972 2065 1190 2099 dilatatione
1210 2075 1308 2108 aga-

145 2120 218 2146 tur.
266 2117 396 2157 Itaque
424 2116 594 2158 suspicor,
619 2114 707 2146 llaec
726 2112 835 2144 verba
861 2124 922 2144 suo
953 2112 1027 2146 Ioco
1050 2117 1148 2144 mota
1172 2116 1207 2144 et
1221 2113 1308 2154 post

146 2159 225 2198 illa,
243 2167 301 2192 aut
321 2160 446 2193 factum
471 2159 614 2192 verbum
632 2161 667 2192 in
690 2160 787 2202 plura
806 2160 907 2191 verb-0
931 2155 1307 2202 diduciturfflonenda·

147 2212 180 2235 et
201 2207 251 2239 sic
269 2205 456 2238 scribenda
477 2218 569 2239 esse:
595 2212 653 2238 aut
670 2206 706 2238 in
727 2202 887 2238 circuitus
901 2204 1070 2248 dirigitur.
