<?xml version="1.0" encoding="UTF-8"?>
<!DOCTYPE html PUBLIC "-//W3C//DTD XHTML 1.0 Transitional//EN"
    "http://www.w3.org/TR/xhtml1/DTD/xhtml1-transitional.dtd">
<html xmlns="http://www.w3.org/1999/xhtml" xml:lang="en" lang="en">
 <head>
  <title>
</title>
<meta http-equiv="Content-Type" content="text/html;charset=utf-8" />
  <meta name='ocr-system' content='tesseract 3.04.00' />
  <meta name='ocr-capabilities' content='ocr_page ocr_carea ocr_par ocr_line ocrx_word'/>
</head>
<body>
  <div class='ocr_page' id='page_1' title='image "./operaquaesupers03ciceuoft/operaquaesupers03ciceuoft_0080.png"; bbox 0 0 1394 2503; ppageno 0'>
   <div class='ocr_carea' id='block_1_1' title="bbox 173 159 984 206">
    <p class='ocr_par' dir='ltr' id='par_1_1' title="bbox 173 159 984 206">
     <span class='ocr_line' id='line_1_1' title="bbox 173 159 984 206; baseline -0.001 -12"><span class='ocrx_word' id='word_1_1' title='bbox 173 171 216 206; x_wconf 82' lang='lat'>7²</span> <span class='ocrx_word' id='word_1_2' title='bbox 522 159 774 195; x_wconf 83' lang='lat' dir='ltr'>CICERONIS</span> <span class='ocrx_word' id='word_1_3' title='bbox 800 160 984 195; x_wconf 88' lang='lat' dir='ltr'>BRUTUS</span> 
     </span>
    </p>
   </div>
   <div class='ocr_carea' id='block_1_2' title="bbox 178 236 1346 2124">
    <p class='ocr_par' dir='ltr' id='par_1_2' title="bbox 178 236 1346 1305">
     <span class='ocr_line' id='line_1_2' title="bbox 259 236 1326 297; baseline 0.001 -16"><span class='ocrx_word' id='word_1_4' title='bbox 259 236 427 281; x_wconf 89' lang='lat' dir='ltr'>XLVI.</span> <span class='ocrx_word' id='word_1_5' title='bbox 484 238 631 295; x_wconf 75' lang='lat' dir='ltr'>Atque</span> <span class='ocrx_word' id='word_1_6' title='bbox 661 239 791 281; x_wconf 76' lang='lat' dir='ltr'>etiam</span> <span class='ocrx_word' id='word_1_7' title='bbox 821 240 939 297; x_wconf 87' lang='lat' dir='ltr'>apud</span> <span class='ocrx_word' id='word_1_8' title='bbox 969 239 1108 282; x_wconf 80' lang='lat' dir='ltr'>socios</span> <span class='ocrx_word' id='word_1_9' title='bbox 1138 247 1180 281; x_wconf 81' lang='lat' dir='ltr'>et</span> <span class='ocrx_word' id='word_1_10' title='bbox 1199 240 1326 283; x_wconf 79' lang='lat' dir='ltr'>Lati-</span> 
     </span>
     <span class='ocr_line' id='line_1_3' title="bbox 178 295 1325 350; baseline 0 -12"><span class='ocrx_word' id='word_1_11' title='bbox 178 302 256 339; x_wconf 77' lang='lat' dir='ltr'>nos</span> <span class='ocrx_word' id='word_1_12' title='bbox 286 303 481 337; x_wconf 82' lang='lat' dir='ltr'>oratores</span> <span class='ocrx_word' id='word_1_13' title='bbox 511 295 648 338; x_wconf 79' lang='lat' dir='ltr'>habiti</span> <span class='ocrx_word' id='word_1_14' title='bbox 678 304 780 338; x_wconf 78' lang='lat' dir='ltr'>sunt</span> <span class='ocrx_word' id='word_1_15' title='bbox 802 295 859 350; x_wconf 98' lang='lat' dir='ltr'><strong>Q.</strong></span> <span class='ocrx_word' id='word_1_16' title='bbox 885 298 1054 341; x_wconf 79' lang='lat' dir='ltr'>Vettius</span> <span class='ocrx_word' id='word_1_17' title='bbox 1079 297 1325 347; x_wconf 77' lang='lat' dir='ltr'>Vettianus,</span> 
     </span>
     <span class='ocr_line' id='line_1_4' title="bbox 181 352 1325 410; baseline 0.002 -17"><span class='ocrx_word' id='word_1_18' title='bbox 181 367 205 393; x_wconf 84' lang='lat' dir='ltr'>e</span> <span class='ocrx_word' id='word_1_19' title='bbox 228 352 412 402; x_wconf 85' lang='lat' dir='ltr'><strong>Marsis,</strong></span> <span class='ocrx_word' id='word_1_20' title='bbox 453 367 584 407; x_wconf 82' lang='lat' dir='ltr'>quem</span> <span class='ocrx_word' id='word_1_21' title='bbox 623 354 714 408; x_wconf 87' lang='lat' dir='ltr'>ipse</span> <span class='ocrx_word' id='word_1_22' title='bbox 754 353 962 409; x_wconf 87' lang='lat' dir='ltr'>cognovi,</span> <span class='ocrx_word' id='word_1_23' title='bbox 1012 354 1203 410; x_wconf 82' lang='lat' dir='ltr'>prudens</span> <span class='ocrx_word' id='word_1_24' title='bbox 1243 354 1325 404; x_wconf 86' lang='lat' dir='ltr'>vir,</span> 
     </span>
     <span class='ocr_line' id='line_1_5' title="bbox 181 408 1325 466; baseline 0 -15"><span class='ocrx_word' id='word_1_25' title='bbox 181 416 224 451; x_wconf 81' lang='lat' dir='ltr'>et</span> <span class='ocrx_word' id='word_1_26' title='bbox 253 410 300 450; x_wconf 86' lang='lat' dir='ltr'>in</span> <span class='ocrx_word' id='word_1_27' title='bbox 331 408 512 451; x_wconf 59' lang='lat' dir='ltr'>dicendo</span> <span class='ocrx_word' id='word_1_28' title='bbox 543 410 706 461; x_wconf 80' lang='lat' dir='ltr'>brevis3</span> <span class='ocrx_word' id='word_1_29' title='bbox 738 411 792 466; x_wconf 94' lang='lat' dir='ltr'><strong>Q.</strong></span> <span class='ocrx_word' id='word_1_30' title='bbox 823 418 864 452; x_wconf 87' lang='lat' dir='ltr'>et</span> <span class='ocrx_word' id='word_1_31' title='bbox 891 410 948 452; x_wconf 91' lang='lat' dir='ltr'>D.</span> <span class='ocrx_word' id='word_1_32' title='bbox 973 410 1139 453; x_wconf 78' lang='lat' dir='ltr'>Valerii</span> <span class='ocrx_word' id='word_1_33' title='bbox 1156 411 1325 460; x_wconf 83' lang='lat' dir='ltr'>Sorani,</span> 
     </span>
     <span class='ocr_line' id='line_1_6' title="bbox 180 465 1327 517; baseline 0.001 -11"><span class='ocrx_word' id='word_1_34' title='bbox 180 465 313 507; x_wconf 79' lang='lat' dir='ltr'>vicini</span> <span class='ocrx_word' id='word_1_35' title='bbox 351 473 391 506; x_wconf 82' lang='lat' dir='ltr'>et</span> <span class='ocrx_word' id='word_1_36' title='bbox 428 466 662 507; x_wconf 78' lang='lat' dir='ltr'>familiares</span> <span class='ocrx_word' id='word_1_37' title='bbox 703 468 808 517; x_wconf 87' lang='lat' dir='ltr'>mei,</span> <span class='ocrx_word' id='word_1_38' title='bbox 843 481 933 509; x_wconf 88' lang='lat' dir='ltr'>nou</span> <span class='ocrx_word' id='word_1_39' title='bbox 959 468 1115 508; x_wconf 77' lang='lat' dir='ltr'>tamin</span> <span class='ocrx_word' id='word_1_40' title='bbox 1144 466 1327 514; x_wconf 83' lang='lat' dir='ltr'>dicendo</span> 
     </span>
     <span class='ocr_line' id='line_1_7' title="bbox 183 522 1329 578; baseline 0.002 -16"><span class='ocrx_word' id='word_1_41' title='bbox 183 522 488 572; x_wconf 81' lang='lat' dir='ltr'>admirabiles,</span> <span class='ocrx_word' id='word_1_42' title='bbox 533 537 665 578; x_wconf 79' lang='lat' dir='ltr'>quam</span> <span class='ocrx_word' id='word_1_43' title='bbox 695 524 806 565; x_wconf 74' lang='lat' dir='ltr'>docti</span> <span class='ocrx_word' id='word_1_44' title='bbox 837 533 876 565; x_wconf 83' lang='lat' dir='ltr'>et</span> <span class='ocrx_word' id='word_1_45' title='bbox 903 523 1084 564; x_wconf 79' lang='lat' dir='ltr'>Graecis</span> <span class='ocrx_word' id='word_1_46' title='bbox 1116 524 1248 564; x_wconf 83' lang='lat' dir='ltr'>literis</span> <span class='ocrx_word' id='word_1_47' title='bbox 1285 531 1329 564; x_wconf 86' lang='lat' dir='ltr'>et</span> 
     </span>
     <span class='ocr_line' id='line_1_8' title="bbox 181 578 1329 634; baseline 0.001 -14"><span class='ocrx_word' id='word_1_48' title='bbox 181 578 374 629; x_wconf 81' lang='lat' dir='ltr'>Latinis3</span> <span class='ocrx_word' id='word_1_49' title='bbox 404 579 451 622; x_wconf 92' lang='lat' dir='ltr'>C.</span> <span class='ocrx_word' id='word_1_50' title='bbox 476 579 738 621; x_wconf 78' lang='lat' dir='ltr'>Rusticellus</span> <span class='ocrx_word' id='word_1_51' title='bbox 763 580 1074 630; x_wconf 81' lang='lat' dir='ltr'>Bononiensis,</span> <span class='ocrx_word' id='word_1_52' title='bbox 1101 579 1137 620; x_wconf 90' lang='lat' dir='ltr'>is</span> <span class='ocrx_word' id='word_1_53' title='bbox 1152 581 1329 634; x_wconf 86' lang='lat' dir='ltr'>quidem</span> 
     </span>
     <span class='ocr_line' id='line_1_9' title="bbox 181 635 1330 679; baseline 0.002 -2"><span class='ocrx_word' id='word_1_54' title='bbox 181 644 225 677; x_wconf 83' lang='lat' dir='ltr'>et</span> <span class='ocrx_word' id='word_1_55' title='bbox 255 636 541 678; x_wconf 78' lang='lat' dir='ltr'>exercitatus.</span> <span class='ocrx_word' id='word_1_56' title='bbox 585 645 626 677; x_wconf 87' lang='lat' dir='ltr'>et</span> <span class='ocrx_word' id='word_1_57' title='bbox 651 645 807 678; x_wconf 84' lang='lat' dir='ltr'>natura</span> <span class='ocrx_word' id='word_1_58' title='bbox 837 637 1054 679; x_wconf 76' lang='lat' dir='ltr'>volubilis.</span> <span class='ocrx_word' id='word_1_59' title='bbox 1110 635 1330 679; x_wconf 84' lang='lat' dir='ltr'>Omnium</span> 
     </span>
     <span class='ocr_line' id='line_1_10' title="bbox 184 694 1327 748; baseline 0 -16"><span class='ocrx_word' id='word_1_60' title='bbox 184 700 328 733; x_wconf 80' lang='lat' dir='ltr'>autem</span> <span class='ocrx_word' id='word_1_61' title='bbox 358 694 748 748; x_wconf 62' lang='lat' dir='ltr'>eloquentissimus</span> <span class='ocrx_word' id='word_1_62' title='bbox 780 701 906 736; x_wconf 78' lang='lat' dir='ltr'>extra</span> <span class='ocrx_word' id='word_1_63' title='bbox 944 694 1054 735; x_wconf 79' lang='lat' dir='ltr'>hano</span> <span class='ocrx_word' id='word_1_64' title='bbox 1085 695 1235 735; x_wconf 80' lang='lat' dir='ltr'>urbem</span> <span class='ocrx_word' id='word_1_65' title='bbox 1272 694 1327 734; x_wconf 85' lang='lat' dir='ltr'>T.</span> 
     </span>
     <span class='ocr_line' id='line_1_11' title="bbox 179 748 1331 804; baseline 0.001 -14"><span class='ocrx_word' id='word_1_66' title='bbox 179 749 385 790; x_wconf 81' lang='lat' dir='ltr'><strong>Betucius</strong></span> <span class='ocrx_word' id='word_1_67' title='bbox 411 751 574 792; x_wconf 83' lang='lat' dir='ltr'>Barrus</span> <span class='ocrx_word' id='word_1_68' title='bbox 593 748 862 800; x_wconf 75' lang='lat' dir='ltr'>Asculanus,</span> <span class='ocrx_word' id='word_1_69' title='bbox 885 751 1007 792; x_wconf 89' lang='lat' dir='ltr'>cuius</span> <span class='ocrx_word' id='word_1_70' title='bbox 1035 758 1138 791; x_wconf 78' lang='lat' dir='ltr'>sunt</span> <span class='ocrx_word' id='word_1_71' title='bbox 1169 751 1331 804; x_wconf 78' lang='lat' dir='ltr'>aliquot</span> 
     </span>
     <span class='ocr_line' id='line_1_12' title="bbox 185 806 1333 850; baseline 0.001 -4"><span class='ocrx_word' id='word_1_72' title='bbox 185 806 401 847; x_wconf 76' lang='lat' dir='ltr'>orationes</span> <span class='ocrx_word' id='word_1_73' title='bbox 431 807 584 849; x_wconf 86' lang='lat' dir='ltr'>Asculi</span> <span class='ocrx_word' id='word_1_74' title='bbox 623 807 800 850; x_wconf 78' lang='lat' dir='ltr'>habitae.</span> <span class='ocrx_word' id='word_1_75' title='bbox 857 807 938 850; x_wconf 80' lang='lat' dir='ltr'>Illa</span> <span class='ocrx_word' id='word_1_76' title='bbox 974 807 1142 848; x_wconf 78' lang='lat' dir='ltr'>Romae</span> <span class='ocrx_word' id='word_1_77' title='bbox 1181 814 1333 848; x_wconf 84' lang='lat' dir='ltr'>contra</span> 
     </span>
     <span class='ocr_line' id='line_1_13' title="bbox 187 861 1346 918; baseline 0 -14"><span class='ocrx_word' id='word_1_78' title='bbox 187 861 479 918; x_wconf 68' lang='lat' dir='ltr'>Caepionem,</span> <span class='ocrx_word' id='word_1_79' title='bbox 517 864 677 906; x_wconf 86' lang='lat' dir='ltr'>nobilis</span> <span class='ocrx_word' id='word_1_80' title='bbox 719 879 841 916; x_wconf 86' lang='lat' dir='ltr'>sane,</span> <span class='ocrx_word' id='word_1_81' title='bbox 892 865 961 906; x_wconf 84' lang='lat' dir='ltr'>cui</span> <span class='ocrx_word' id='word_1_82' title='bbox 997 864 1182 905; x_wconf 81' lang='lat' dir='ltr'>orationi</span> <span class='ocrx_word' id='word_1_83' title='bbox 1217 864 1346 904; x_wconf 66' lang='lat' dir='ltr'>Cae-2</span> 
     </span>
     <span class='ocr_line' id='line_1_14' title="bbox 185 919 1334 976; baseline 0.003 -18"><span class='ocrx_word' id='word_1_84' title='bbox 185 919 330 975; x_wconf 82' lang='lat' dir='ltr'>pionis</span> <span class='ocrx_word' id='word_1_85' title='bbox 374 934 450 960; x_wconf 83' lang='lat' dir='ltr'>ore</span> <span class='ocrx_word' id='word_1_86' title='bbox 487 921 712 976; x_wconf 82' lang='lat' dir='ltr'>respondit</span> <span class='ocrx_word' id='word_1_87' title='bbox 743 921 915 972; x_wconf 82' lang='lat' dir='ltr'>Aelius3</span> <span class='ocrx_word' id='word_1_88' title='bbox 961 919 1036 976; x_wconf 86' lang='lat' dir='ltr'>qui</span> <span class='ocrx_word' id='word_1_89' title='bbox 1067 919 1334 976; x_wconf 66' lang='lat' dir='ltr'>scriptitavit</span> 
     </span>
     <span class='ocr_line' id='line_1_15' title="bbox 188 976 1335 1034; baseline 0.003 -20"><span class='ocrx_word' id='word_1_90' title='bbox 188 977 406 1017; x_wconf 78' lang='lat' dir='ltr'>orationes</span> <span class='ocrx_word' id='word_1_91' title='bbox 445 978 616 1028; x_wconf 74' lang='lat' dir='ltr'>munis,</span> <span class='ocrx_word' id='word_1_92' title='bbox 659 986 807 1019; x_wconf 75' lang='lat' dir='ltr'>orator</span> <span class='ocrx_word' id='word_1_93' title='bbox 846 979 938 1034; x_wconf 87' lang='lat' dir='ltr'>ipse</span> <span class='ocrx_word' id='word_1_94' title='bbox 972 991 1196 1031; x_wconf 82' lang='lat' dir='ltr'>nunquam</span> <span class='ocrx_word' id='word_1_95' title='bbox 1235 976 1335 1018; x_wconf 85' lang='lat' dir='ltr'>fuit.</span> 
     </span>
     <span class='ocr_line' id='line_1_16' title="bbox 188 1032 1338 1088; baseline -0.001 -13"><span class='ocrx_word' id='word_1_96' title='bbox 188 1032 320 1088; x_wconf 83' lang='lat' dir='ltr'>Apud</span> <span class='ocrx_word' id='word_1_97' title='bbox 361 1033 549 1075; x_wconf 76' lang='lat' dir='ltr'>maiores</span> <span class='ocrx_word' id='word_1_98' title='bbox 585 1042 730 1075; x_wconf 83' lang='lat' dir='ltr'>autem</span> <span class='ocrx_word' id='word_1_99' title='bbox 772 1044 941 1077; x_wconf 76' lang='lat' dir='ltr'>nostros</span> <span class='ocrx_word' id='word_1_100' title='bbox 977 1034 1104 1075; x_wconf 88' lang='lat' dir='ltr'>video</span> <span class='ocrx_word' id='word_1_101' title='bbox 1135 1034 1338 1076; x_wconf 75' lang='lat' dir='ltr'>disertis-</span> 
     </span>
     <span class='ocr_line' id='line_1_17' title="bbox 189 1090 1337 1146; baseline 0.001 -16"><span class='ocrx_word' id='word_1_102' title='bbox 189 1090 350 1130; x_wconf 78' lang='lat' dir='ltr'>simum</span> <span class='ocrx_word' id='word_1_103' title='bbox 374 1090 572 1132; x_wconf 79' lang='lat' dir='ltr'>habitum</span> <span class='ocrx_word' id='word_1_104' title='bbox 602 1106 657 1133; x_wconf 78' lang='lat' dir='ltr'>ex</span> <span class='ocrx_word' id='word_1_105' title='bbox 678 1091 804 1134; x_wconf 75' lang='lat' dir='ltr'>Latio</span> <span class='ocrx_word' id='word_1_106' title='bbox 825 1092 878 1132; x_wconf 92' lang='lat' dir='ltr'>L.</span> <span class='ocrx_word' id='word_1_107' title='bbox 898 1090 1125 1146; x_wconf 82' lang='lat' dir='ltr'>Papirium</span> <span class='ocrx_word' id='word_1_108' title='bbox 1151 1091 1337 1146; x_wconf 83' lang='lat' dir='ltr'>Fregel-</span> 
     </span>
     <span class='ocr_line' id='line_1_18' title="bbox 188 1145 1335 1197; baseline 0 -11"><span class='ocrx_word' id='word_1_109' title='bbox 188 1145 364 1197; x_wconf 83' lang='lat' dir='ltr'>lanum,</span> <span class='ocrx_word' id='word_1_110' title='bbox 403 1147 473 1188; x_wconf 77' lang='lat' dir='ltr'>Ti.</span> <span class='ocrx_word' id='word_1_111' title='bbox 502 1147 712 1197; x_wconf 78' lang='lat' dir='ltr'>Gracchi,</span> <span class='ocrx_word' id='word_1_112' title='bbox 750 1149 799 1190; x_wconf 90' lang='lat' dir='ltr'>P.</span> <span class='ocrx_word' id='word_1_113' title='bbox 829 1148 879 1189; x_wconf 88' lang='lat' dir='ltr'>F.</span> <span class='ocrx_word' id='word_1_114' title='bbox 917 1146 1012 1188; x_wconf 81' lang='lat' dir='ltr'>fere</span> <span class='ocrx_word' id='word_1_115' title='bbox 1043 1154 1204 1197; x_wconf 82' lang='lat' dir='ltr'><strong>aetate3</strong></span> <span class='ocrx_word' id='word_1_116' title='bbox 1243 1147 1335 1187; x_wconf 81' lang='lat' dir='ltr'>eius</span> 
     </span>
     <span class='ocr_line' id='line_1_19' title="bbox 189 1203 1337 1260; baseline 0.002 -16"><span class='ocrx_word' id='word_1_117' title='bbox 189 1203 319 1244; x_wconf 72' lang='lat' dir='ltr'>eiiam</span> <span class='ocrx_word' id='word_1_118' title='bbox 351 1203 490 1244; x_wconf 76' lang='lat' dir='ltr'>oratio</span> <span class='ocrx_word' id='word_1_119' title='bbox 520 1211 582 1244; x_wconf 83' lang='lat' dir='ltr'>est</span> <span class='ocrx_word' id='word_1_120' title='bbox 609 1217 692 1260; x_wconf 83' lang='lat' dir='ltr'>pro</span> <span class='ocrx_word' id='word_1_121' title='bbox 721 1205 991 1260; x_wconf 73' lang='lat' dir='ltr'>Fregellanis</span> <span class='ocrx_word' id='word_1_122' title='bbox 1011 1234 1023 1254; x_wconf 90' lang='lat'><strong><em>,</em></strong></span> <span class='ocrx_word' id='word_1_123' title='bbox 1071 1203 1337 1260; x_wconf 79' lang='lat' dir='ltr'>coloniisque</span> 
     </span>
     <span class='ocr_line' id='line_1_20' title="bbox 188 1257 823 1305; baseline 0.003 -3"><span class='ocrx_word' id='word_1_124' title='bbox 188 1257 380 1305; x_wconf 69' lang='lat' dir='ltr'>Latinis,</span> <span class='ocrx_word' id='word_1_125' title='bbox 415 1259 555 1300; x_wconf 75' lang='lat' dir='ltr'>habita</span> <span class='ocrx_word' id='word_1_126' title='bbox 584 1261 627 1301; x_wconf 89' lang='lat' dir='ltr'>in</span> <span class='ocrx_word' id='word_1_127' title='bbox 657 1268 823 1304; x_wconf 72' lang='lat' dir='ltr'>senatu.</span> 
     </span>
    </p>

    <p class='ocr_par' dir='ltr' id='par_1_3' title="bbox 191 1313 1337 1428">
     <span class='ocr_line' id='line_1_21' title="bbox 275 1313 1337 1374; baseline 0 -17"><span class='ocrx_word' id='word_1_128' title='bbox 275 1313 395 1357; x_wconf 85' lang='lat' dir='ltr'>Tum</span> <span class='ocrx_word' id='word_1_129' title='bbox 428 1317 609 1366; x_wconf 81' lang='lat' dir='ltr'>Brutus,</span> <span class='ocrx_word' id='word_1_130' title='bbox 649 1314 767 1374; x_wconf 81' lang='lat' dir='ltr'>Quid</span> <span class='ocrx_word' id='word_1_131' title='bbox 801 1325 844 1358; x_wconf 77' lang='lat' dir='ltr'>tu</span> <span class='ocrx_word' id='word_1_132' title='bbox 868 1317 1025 1371; x_wconf 75' lang='lat' dir='ltr'>igitur,</span> <span class='ocrx_word' id='word_1_133' title='bbox 1062 1317 1222 1372; x_wconf 79' lang='lat' dir='ltr'>inquit,</span> <span class='ocrx_word' id='word_1_134' title='bbox 1252 1316 1337 1358; x_wconf 81' lang='lat' dir='ltr'>tri-</span> 
     </span>
     <span class='ocr_line' id='line_1_22' title="bbox 191 1372 1086 1428; baseline 0.001 -16"><span class='ocrx_word' id='word_1_135' title='bbox 191 1372 286 1414; x_wconf 84' lang='lat' dir='ltr'>buis</span> <span class='ocrx_word' id='word_1_136' title='bbox 316 1373 408 1415; x_wconf 74' lang='lat' dir='ltr'>istis</span> <span class='ocrx_word' id='word_1_137' title='bbox 438 1373 631 1414; x_wconf 58' lang='lat' dir='ltr'>exiet-nis</span> <span class='ocrx_word' id='word_1_138' title='bbox 661 1375 782 1428; x_wconf 80' lang='lat' dir='ltr'>quasi</span> <span class='ocrx_word' id='word_1_139' title='bbox 809 1373 1086 1417; x_wconf 76' lang='lat' dir='ltr'>oratoribus?</span> 
     </span>
    </p>

    <p class='ocr_par' dir='ltr' id='par_1_4' title="bbox 188 1428 1340 1598">
     <span class='ocr_line' id='line_1_23' title="bbox 275 1428 1340 1486; baseline 0.001 -18"><span class='ocrx_word' id='word_1_140' title='bbox 275 1429 391 1483; x_wconf 84' lang='lat' dir='ltr'>Quid</span> <span class='ocrx_word' id='word_1_141' title='bbox 424 1444 593 1480; x_wconf 74' lang='lat' dir='ltr'>censes,</span> <span class='ocrx_word' id='word_1_142' title='bbox 623 1431 826 1486; x_wconf 78' lang='lat' dir='ltr'>inquam,</span> <span class='ocrx_word' id='word_1_143' title='bbox 857 1431 940 1471; x_wconf 86' lang='lat' dir='ltr'>nisi</span> <span class='ocrx_word' id='word_1_144' title='bbox 955 1429 1094 1479; x_wconf 79' lang='lat' dir='ltr'>idem,</span> <span class='ocrx_word' id='word_1_145' title='bbox 1127 1428 1240 1485; x_wconf 89' lang='lat' dir='ltr'>quod</span> <span class='ocrx_word' id='word_1_146' title='bbox 1257 1443 1340 1470; x_wconf 59' lang='lat' dir='ltr'>urz-</span> 
     </span>
     <span class='ocr_line' id='line_1_24' title="bbox 188 1484 1340 1542; baseline 0 -17"><span class='ocrx_word' id='word_1_147' title='bbox 188 1484 341 1526; x_wconf 81' lang='lat' dir='ltr'>banis?</span> <span class='ocrx_word' id='word_1_148' title='bbox 372 1493 546 1542; x_wconf 73' lang='lat' dir='ltr'>praeter</span> <span class='ocrx_word' id='word_1_149' title='bbox 566 1501 701 1528; x_wconf 87' lang='lat' dir='ltr'>unum</span> <span class='ocrx_word' id='word_1_150' title='bbox 714 1519 724 1535; x_wconf 82' lang='lat'><strong><em>‚</em></strong></span> <span class='ocrx_word' id='word_1_151' title='bbox 756 1487 866 1541; x_wconf 88' lang='lat' dir='ltr'>quod</span> <span class='ocrx_word' id='word_1_152' title='bbox 897 1501 986 1527; x_wconf 83' lang='lat' dir='ltr'>uon</span> <span class='ocrx_word' id='word_1_153' title='bbox 1004 1494 1068 1527; x_wconf 81' lang='lat' dir='ltr'>est</span> <span class='ocrx_word' id='word_1_154' title='bbox 1087 1500 1241 1528; x_wconf 82' lang='lat' dir='ltr'>eorum</span> <span class='ocrx_word' id='word_1_155' title='bbox 1259 1499 1340 1526; x_wconf 90' lang='lat' dir='ltr'>ur-</span> 
     </span>
     <span class='ocr_line' id='line_1_25' title="bbox 190 1541 1143 1598; baseline 0 -16"><span class='ocrx_word' id='word_1_156' title='bbox 190 1541 382 1586; x_wconf 76' lang='lat' dir='ltr'>banitate</span> <span class='ocrx_word' id='word_1_157' title='bbox 412 1543 597 1598; x_wconf 82' lang='lat' dir='ltr'>quadam</span> <span class='ocrx_word' id='word_1_158' title='bbox 628 1543 752 1597; x_wconf 82' lang='lat' dir='ltr'>quasi</span> <span class='ocrx_word' id='word_1_159' title='bbox 780 1544 964 1585; x_wconf 79' lang='lat' dir='ltr'>colorata</span> <span class='ocrx_word' id='word_1_160' title='bbox 993 1543 1143 1583; x_wconf 84' lang='lat' dir='ltr'>oratio.</span> 
     </span>
    </p>

    <p class='ocr_par' dir='ltr' id='par_1_5' title="bbox 191 1596 1339 1698">
     <span class='ocr_line' id='line_1_26' title="bbox 274 1596 1339 1656; baseline 0.002 -17"><span class='ocrx_word' id='word_1_161' title='bbox 274 1598 330 1639; x_wconf 73' lang='lat' dir='ltr'>Ei</span> <span class='ocrx_word' id='word_1_162' title='bbox 361 1599 548 1643; x_wconf 75' lang='lat' dir='ltr'>Brutus,</span> <span class='ocrx_word' id='word_1_163' title='bbox 587 1600 679 1654; x_wconf 81' lang='lat' dir='ltr'>Qui</span> <span class='ocrx_word' id='word_1_164' title='bbox 719 1609 802 1652; x_wconf 85' lang='lat' dir='ltr'>est,</span> <span class='ocrx_word' id='word_1_165' title='bbox 842 1599 1002 1656; x_wconf 86' lang='lat' dir='ltr'>inquit,</span> <span class='ocrx_word' id='word_1_166' title='bbox 1043 1600 1124 1642; x_wconf 82' lang='lat' dir='ltr'>iste</span> <span class='ocrx_word' id='word_1_167' title='bbox 1161 1596 1339 1641; x_wconf 79' lang='lat' dir='ltr'><strong>tandem</strong></span> 
     </span>
     <span class='ocr_line' id='line_1_27' title="bbox 191 1653 627 1698; baseline 0 0"><span class='ocrx_word' id='word_1_168' title='bbox 191 1653 446 1698; x_wconf 81' lang='lat' dir='ltr'>urbanitatis</span> <span class='ocrx_word' id='word_1_169' title='bbox 476 1657 627 1698; x_wconf 73' lang='lat' dir='ltr'>color?</span> 
     </span>
    </p>

    <p class='ocr_par' dir='ltr' id='par_1_6' title="bbox 193 1710 1344 2105">
     <span class='ocr_line' id='line_1_28' title="bbox 276 1710 1341 1767; baseline 0.003 -16"><span class='ocrx_word' id='word_1_170' title='bbox 276 1711 462 1763; x_wconf 80' lang='lat' dir='ltr'>Nescio,</span> <span class='ocrx_word' id='word_1_171' title='bbox 512 1712 718 1767; x_wconf 82' lang='lat' dir='ltr'>inquam3</span> <span class='ocrx_word' id='word_1_172' title='bbox 768 1721 936 1755; x_wconf 84' lang='lat' dir='ltr'>tantum</span> <span class='ocrx_word' id='word_1_173' title='bbox 983 1727 1076 1753; x_wconf 77' lang='lat' dir='ltr'>esse</span> <span class='ocrx_word' id='word_1_174' title='bbox 1121 1710 1341 1767; x_wconf 81' lang='lat' dir='ltr'>quendam</span> 
     </span>
     <span class='ocr_line' id='line_1_29' title="bbox 193 1766 1340 1824; baseline 0.002 -17"><span class='ocrx_word' id='word_1_175' title='bbox 193 1766 296 1807; x_wconf 88' lang='lat' dir='ltr'>scio.</span> <span class='ocrx_word' id='word_1_176' title='bbox 364 1768 411 1812; x_wconf 92' lang='lat' dir='ltr'>Id</span> <span class='ocrx_word' id='word_1_177' title='bbox 443 1776 515 1815; x_wconf 84' lang='lat' dir='ltr'>tu,</span> <span class='ocrx_word' id='word_1_178' title='bbox 545 1769 706 1815; x_wconf 81' lang='lat' dir='ltr'><strong>Brute,</strong></span> <span class='ocrx_word' id='word_1_179' title='bbox 737 1769 825 1810; x_wconf 85' lang='lat' dir='ltr'>iam</span> <span class='ocrx_word' id='word_1_180' title='bbox 855 1769 1096 1822; x_wconf 76' lang='lat' dir='ltr'>intelliges,</span> <span class='ocrx_word' id='word_1_181' title='bbox 1126 1782 1260 1824; x_wconf 89' lang='lat' dir='ltr'>quum</span> <span class='ocrx_word' id='word_1_182' title='bbox 1294 1768 1340 1809; x_wconf 89' lang='lat' dir='ltr'>in</span> 
     </span>
     <span class='ocr_line' id='line_1_30' title="bbox 193 1823 1342 1880; baseline 0.003 -17"><span class='ocrx_word' id='word_1_183' title='bbox 193 1823 383 1865; x_wconf 79' lang='lat' dir='ltr'>Galliam</span> <span class='ocrx_word' id='word_1_184' title='bbox 422 1826 606 1867; x_wconf 76' lang='lat' dir='ltr'>veneris.</span> <span class='ocrx_word' id='word_1_185' title='bbox 689 1824 854 1867; x_wconf 82' lang='lat' dir='ltr'>Audies</span> <span class='ocrx_word' id='word_1_186' title='bbox 900 1835 947 1867; x_wconf 81' lang='lat' dir='ltr'>tu</span> <span class='ocrx_word' id='word_1_187' title='bbox 990 1826 1165 1880; x_wconf 83' lang='lat' dir='ltr'>quidem</span> <span class='ocrx_word' id='word_1_188' title='bbox 1211 1825 1342 1867; x_wconf 78' lang='lat' dir='ltr'>etiam</span> 
     </span>
     <span class='ocr_line' id='line_1_31' title="bbox 193 1880 1342 1937; baseline 0.001 -18"><span class='ocrx_word' id='word_1_189' title='bbox 193 1880 329 1922; x_wconf 80' lang='lat' dir='ltr'>verba</span> <span class='ocrx_word' id='word_1_190' title='bbox 368 1881 580 1937; x_wconf 78' lang='lat' dir='ltr'>quaedam</span> <span class='ocrx_word' id='word_1_191' title='bbox 616 1897 706 1923; x_wconf 88' lang='lat' dir='ltr'>non</span> <span class='ocrx_word' id='word_1_192' title='bbox 745 1884 844 1924; x_wconf 72' lang='lat' dir='ltr'>trita</span> <span class='ocrx_word' id='word_1_193' title='bbox 886 1882 1076 1930; x_wconf 54' lang='lat' dir='ltr'>Romam</span> <span class='ocrx_word' id='word_1_194' title='bbox 1124 1880 1197 1923; x_wconf 86' lang='lat' dir='ltr'>sed</span> <span class='ocrx_word' id='word_1_195' title='bbox 1234 1881 1342 1923; x_wconf 76' lang='lat' dir='ltr'>haec</span> 
     </span>
     <span class='ocr_line' id='line_1_32' title="bbox 193 1937 1342 1995; baseline -0.002 -16"><span class='ocrx_word' id='word_1_196' title='bbox 193 1937 380 1989; x_wconf 72' lang='lat' dir='ltr'>mutari,</span> <span class='ocrx_word' id='word_1_197' title='bbox 423 1937 668 1993; x_wconf 75' lang='lat' dir='ltr'>dediscique</span> <span class='ocrx_word' id='word_1_198' title='bbox 713 1948 917 1995; x_wconf 80' lang='lat' dir='ltr'>possunt3</span> <span class='ocrx_word' id='word_1_199' title='bbox 959 1939 1064 1980; x_wconf 89' lang='lat' dir='ltr'>illud</span> <span class='ocrx_word' id='word_1_200' title='bbox 1097 1946 1160 1980; x_wconf 88' lang='lat' dir='ltr'>est</span> <span class='ocrx_word' id='word_1_201' title='bbox 1186 1937 1342 1986; x_wconf 80' lang='lat' dir='ltr'>maius,</span> 
     </span>
     <span class='ocr_line' id='line_1_33' title="bbox 194 1992 1342 2047; baseline 0.002 -15"><span class='ocrx_word' id='word_1_202' title='bbox 194 1992 311 2047; x_wconf 89' lang='lat' dir='ltr'>quod</span> <span class='ocrx_word' id='word_1_203' title='bbox 340 1993 384 2034; x_wconf 88' lang='lat' dir='ltr'>in</span> <span class='ocrx_word' id='word_1_204' title='bbox 417 1995 593 2036; x_wconf 82' lang='lat' dir='ltr'>vocibus</span> <span class='ocrx_word' id='word_1_205' title='bbox 619 2004 871 2038; x_wconf 66' lang='lat' dir='ltr'>nostrorum</span> <span class='ocrx_word' id='word_1_206' title='bbox 895 2005 1114 2036; x_wconf 78' lang='lat' dir='ltr'>oratorum</span> <span class='ocrx_word' id='word_1_207' title='bbox 1136 1993 1342 2036; x_wconf 73' lang='lat' dir='ltr'>retinnit¹</span> 
     </span>
     <span class='ocr_line' id='line_1_34' title="bbox 194 2049 1344 2105; baseline 0.002 -16"><span class='ocrx_word' id='word_1_208' title='bbox 194 2049 401 2105; x_wconf 75' lang='lat' dir='ltr'>quiddam</span> <span class='ocrx_word' id='word_1_209' title='bbox 432 2058 473 2090; x_wconf 82' lang='lat' dir='ltr'>et</span> <span class='ocrx_word' id='word_1_210' title='bbox 501 2060 672 2094; x_wconf 72' lang='lat' dir='ltr'>resonat</span> <span class='ocrx_word' id='word_1_211' title='bbox 701 2052 920 2097; x_wconf 81' lang='lat' dir='ltr'>urbanius.</span> <span class='ocrx_word' id='word_1_212' title='bbox 948 2054 1043 2095; x_wconf 89' lang='lat' dir='ltr'>Nec</span> <span class='ocrx_word' id='word_1_213' title='bbox 1065 2052 1215 2093; x_wconf 86' lang='lat' dir='ltr'>hocin</span> <span class='ocrx_word' id='word_1_214' title='bbox 1240 2055 1344 2091; x_wconf 75' lang='lat' dir='ltr'>ora-&#39;</span> 
     </span>
    </p>

    <p class='ocr_par' dir='ltr' id='par_1_7' title="bbox 1290 2111 1294 2124">
     <span class='ocr_line' id='line_1_35' title="bbox 1290 2111 1294 2124; baseline 0 0"><span class='ocrx_word' id='word_1_215' title='bbox 1290 2111 1294 2124; x_wconf 35' lang='lat' dir='ltr'>i</span> 
     </span>
    </p>
   </div>
   <div class='ocr_carea' id='block_1_3' title="bbox 193 2180 1345 2266">
    <p class='ocr_par' dir='ltr' id='par_1_8' title="bbox 193 2180 1345 2266">
     <span class='ocr_line' id='line_1_36' title="bbox 243 2180 1345 2227; baseline -0.003 -12"><span class='ocrx_word' id='word_1_216' title='bbox 243 2184 280 2224; x_wconf 78' lang='grc' dir='ltr'>ι)</span> <span class='ocrx_word' id='word_1_217' title='bbox 307 2182 419 2227; x_wconf 79' lang='lat' dir='ltr'>Vulgo</span> <span class='ocrx_word' id='word_1_218' title='bbox 438 2184 574 2216; x_wconf 84' lang='lat' dir='ltr'>recinit.</span> <span class='ocrx_word' id='word_1_219' title='bbox 598 2185 645 2216; x_wconf 81' lang='lat' dir='ltr'>In</span> <span class='ocrx_word' id='word_1_220' title='bbox 665 2185 731 2217; x_wconf 84' lang='lat' dir='ltr'>Gu.</span> <span class='ocrx_word' id='word_1_221' title='bbox 755 2195 785 2216; x_wconf 88' lang='lat'>1.</span> <span class='ocrx_word' id='word_1_222' title='bbox 802 2196 833 2217; x_wconf 87' lang='lat'>2.</span> <span class='ocrx_word' id='word_1_223' title='bbox 852 2190 905 2215; x_wconf 75' lang='lat' dir='ltr'>est</span> <span class='ocrx_word' id='word_1_224' title='bbox 921 2182 1072 2217; x_wconf 82' lang='lat' dir='ltr'>retinuit.</span> <span class='ocrx_word' id='word_1_225' title='bbox 1097 2180 1345 2217; x_wconf 78' lang='lat' dir='ltr'>IndeSchnei-</span> 
     </span>
     <span class='ocr_line' id='line_1_37' title="bbox 193 2227 920 2266; baseline 0.006 -7"><span class='ocrx_word' id='word_1_226' title='bbox 193 2227 297 2260; x_wconf 71' lang='lat' dir='ltr'>dctus</span> <span class='ocrx_word' id='word_1_227' title='bbox 314 2240 433 2262; x_wconf 67' lang='lat' dir='ltr'><em>veram</em></span> <span class='ocrx_word' id='word_1_228' title='bbox 451 2228 633 2262; x_wconf 77' lang='lat' dir='ltr'>lectionem</span> <span class='ocrx_word' id='word_1_229' title='bbox 652 2230 745 2264; x_wconf 77' lang='lat' dir='ltr'>eruit</span> <span class='ocrx_word' id='word_1_230' title='bbox 762 2229 920 2266; x_wconf 68' lang='lat' dir='ltr'>retinnit.</span> 
     </span>
    </p>
   </div>
  </div>
 </body>
</html>
