1394 2503
168 109 235 145 266
618 107 874 145 CICERONIS
1321 110 1327 131 ¹

179 184 1328 218 ..Μ

320 547 384 592 Μ.
442 547 705 592 TULLII
762 548 1141 593 CICERONIS

715 647 793 685 AD

240 742 1241 796 c.TREssAT1UM

436 853 1044 915 TOPIOA.

159 1128 193 1170 1,
231 1100 457 1168 Maiores
487 1134 569 1161 nos
595 1134 667 1161 res
695 1120 887 1164 scribere
923 1121 1169 1178 ingressos,
1204 1126 1217 1146 ¹
1269 1122 1320 1166 C.

161 1190 367 1239 Trebati,
396 1197 441 1231 et
465 1188 516 1230 iis
544 1187 686 1236 libris,
719 1203 829 1243 quos
851 1190 974 1231 brevi
996 1196 1195 1247 tempore
1218 1192 1318 1233 satis

159 1250 321 1294 multos
349 1245 587 1295 edidimus,
627 1245 868 1300 digniores,
904 1261 929 1287 e
957 1261 1087 1289 cursu
1118 1249 1213 1304 ipso
1242 1263 1318 1289 re·-

159 1306 337 1348 vocavit
364 1302 570 1346 voluntas
598 1310 688 1344 tua.
748 1301 902 1357 Quum
927 1304 1046 1344 enim
1071 1306 1246 1346 mecum
1269 1306 1317 1347 in

161 1361 416 1405 Tusculano
446 1373 585 1406 esses,
623 1358 741 1400 etin
783 1360 1039 1402 bibliotheca
1077 1361 1317 1418 sepafatim

160 1428 347 1477 uterque
391 1424 590 1459 nostrum
635 1415 685 1456 ad
720 1432 852 1459 suum
896 1417 1088 1459 studium
1127 1419 1318 1470 libellos,

159 1492 269 1531 quos
293 1474 446 1523 vellet,
480 1472 728 1519 evolveret,
771 1472 962 1516 incidisti
994 1477 1040 1517 in
1071 1474 1316 1517 Aristotelis

159 1533 331 1591 Topica
360 1530 596 1586 quaedam,
635 1544 745 1585 quae
772 1539 876 1573 sunt
911 1531 965 1572 ab
1002 1531 1076 1573 illo
1111 1532 1315 1588 pluribus

157 1591 287 1635 libris
317 1588 548 1645 explicata.
606 1585 708 1641 Qua
737 1586 1023 1642 inscriptione
1059 1596 1315 1639 commotus,

160 1648 368 1690 confinuo
399 1659 424 1685 a
445 1659 517 1685 me
542 1658 694 1685 eorum
715 1642 930 1686 librorum
949 1646 1209 1687 sententiam
1239 1660 1313 1686 re-

159 1703 342 1762 quisisti.
406 1702 554 1757 Quam
576 1700 653 1744 tibi
674 1714 809 1754 quum
829 1701 1152 1758 exposuissem,
1182 1701 1315 1743 disci-

157 1762 326 1822 plinam
346 1758 712 1803 inveniendorum
735 1764 1111 1812 argumentorum,
1141 1765 1190 1801 ut
1219 1759 1314 1802 sine

158 1819 248 1861 ullo
278 1831 450 1865 errore,
510 1815 561 1857 ad
593 1829 690 1856 eam
720 1815 960 1863 rationem,
1006 1816 1078 1857 via
1097 1818 1116 1843 2
1151 1830 1313 1873 perve-

157 1876 355 1920 niremus
376 1872 429 1913 ab
446 1870 685 1915 Aristotele
710 1871 910 1917 inventa,
940 1871 1062 1914 libris
1093 1872 1180 1914 illis
1201 1886 1313 1913 con-

155 1931 311 1974 tineri:
351 1927 602 1971 verecunde
630 1936 679 1968 tu
713 1927 911 1982 quidem,
951 1936 1000 1968 ut
1029 1930 1198 1978 omnia,
1236 1928 1311 1970 sed

156 1997 306 2031 tamen
343 1994 393 2028 ut
431 1984 558 2026 facile
600 1999 827 2027 cernerem
866 1992 908 2026 te
945 1985 1102 2029 ardere
1145 1985 1310 2037 studio,

205 2132 243 2173 1)
265 2139 441 2174 aggressos
462 2129 543 2162 MS.
572 2128 635 2160 Ox.

204 2197 242 2240 2)
266 2194 463 2230 Lambinus
482 2193 681 2240 corrigebat
703 2192 839 2227 ratione
866 2198 900 2228 et
922 2193 989 2228 via.
