1394 2503
491 133 684 168 Toch.
735 134 843 168 CAP.
869 146 924 168 20.
1222 136 1291 179 295

71 201 75 204 ³
132 226 245 257 num
272 212 360 255 duo
382 221 483 256 sunt
502 228 687 272 generat
735 213 926 256 alterum
945 212 1191 264 infinitum,
1221 212 1288 254 al·

132 280 277 314 terum
292 268 539 314 definitum.
598 270 842 315 Definitum
865 279 949 321 est,
981 270 1098 326 quod
1128 268 1289 312 ὑπόθε·

64 330 73 331 ’
131 345 198 371 σιν
216 328 397 379 Graeci,
427 343 505 371 nos
526 344 726 372 causam:
755 328 996 374 infinitum,
1028 327 1140 383 quod
1166 329 1288 370 θέσιν

128 385 193 428 :illi
222 385 465 441 appellant,
509 401 588 427 nos
624 385 903 444 propositum
940 399 1174 441 possumus
1205 399 1286 426 no-

128 443 323 484 minare:
364 457 493 484 causa
526 446 653 486 certis
674 443 893 500 personis,
931 441 1065 489 locis,
1108 449 1287 497 tempo-

126 501 270 550 ribus,
314 501 578 553 actiombus,
627 502 815 557 negotiis
856 500 1075 549 cernitur,
1126 506 1203 540 aut
1240 499 1286 540 in

129 557 356 607 omnibus,
390 564 465 597 aut
483 559 531 599 in
552 557 775 614 plerisque
793 572 970 599 eorum:
1006 556 1287 613 propositum

129 621 302 664 autem,
332 614 378 654 in
406 613 552 669 aliquo
584 629 762 661 eorum,
792 623 865 656 aut
890 615 934 656 in
957 613 1174 669 pluribus,
1206 628 1286 655 nec

127 678 276 712 tamen
305 670 354 712 in
388 671 609 713 maximis.
681 672 831 731 Itaque
867 670 1148 729 propositum
1185 685 1287 728 pars

127 742 281 769 causae
310 735 386 768 est.
459 727 542 769 Sed
573 729 718 770 omnis
748 728 963 785 quaestio,
1018 742 1173 786 earutn
1203 727 1287 769 ali-

127 800 216 840 qua
246 783 298 826 de
325 799 374 826 re
398 792 481 832 est,
517 785 675 840 quibus
699 786 855 828 causae
886 785 1181 835 continentur,
1211 791 1286 826 aut

127 857 236 893 una,
265 848 340 882 aut
365 841 586 897 pluribUS,
617 850 691 884 aut
711 856 1049 899 nonnumquam
1066 841 1285 885 omnibus.

125 898 451 953 Quaestionum
480 910 628 940 autem
657 900 1009 956 propositarum,
1031 902 1046 922 ¹
1087 913 1285 954 quacun-

123 958 214 1010 que
232 954 284 996 de
307 970 356 996 re
385 955 494 1001 sint,
526 956 612 997 duo
631 964 733 999 sunt
751 971 935 1012 genera:
965 970 1108 997 unum
1130 955 1285 1012 cogni-

125 1011 277 1059 tionis3
306 1012 495 1053 alterum
515 1013 708 1053 actionis.
769 1011 1045 1069 Cognitionis
1065 1021 1166 1054 suut
1186 1020 1284 1062 hae,

126 1083 314 1124 quarum
342 1066 443 1109 finis
475 1076 540 1109 est
569 1069 768 1110 scientia:
806 1078 876 1118 ut,
905 1070 940 1110 si
969 1077 1230 1124 quaeratur,
1261 1084 1285 1110 a

125 1133 340 1166 naturane
369 1125 436 1165 ius
458 1126 703 1180 profectum
730 1127 807 1177 sit,
844 1141 898 1168 an
919 1126 973 1168 ab
995 1126 1140 1181 aliqua
1161 1126 1285 1181 quasi

123 1181 377 1224 conditione
394 1181 629 1224 hominum
651 1191 692 1224 et
708 1184 924 1239 pactione.
982 1181 1185 1224 Actionis
1206 1197 1285 1224 au-

126 1247 216 1281 tem
246 1238 498 1280 huiusmodi
528 1239 736 1297 exempla
766 1248 892 1281 sunt:
951 1241 1074 1282 Sitne
1104 1241 1286 1296 sapien-

124 1298 179 1337 tis
217 1296 269 1336 ad
311 1310 406 1337 rem
447 1296 669 1351 publicam
707 1297 925 1339 accedere.
1006 1295 1283 1352 Cognitionis

127 1352 399 1407 quaestiones
426 1353 671 1410 tripartitae
700 1362 816 1405 sunt,
848 1368 1002 1409 quum,
1032 1368 1088 1394 an
1111 1354 1178 1400 sit,
1209 1360 1284 1393 aut

128 1409 231 1465 quid
261 1408 338 1459 sit,
388 1416 462 1449 aut
499 1411 626 1464 quale
665 1409 746 1457 sit,
793 1412 1031 1465 quaeritur.
1099 1411 1282 1452 Horum

124 1467 323 1523 primum
341 1466 603 1517 coniectura,
634 1468 872 1508 secundun]
891 1467 1161 1515 definitione,
1190 1474 1284 1507 ter-

125 1525 238 1565 tium
267 1523 377 1564 iuris
407 1530 447 1563 et
482 1523 669 1565 iniuriae
707 1524 979 1566 distinctione
1017 1523 1280 1577 explicatur.

124 1580 417 1624 Coniecturae
445 1580 554 1620 ratio
586 1580 633 1621 in
662 1587 852 1635 quatuor
878 1587 1025 1637 partes
1056 1579 1286 1622 distributa

126 1646 211 1679 est:
249 1651 436 1692 quarum
467 1652 555 1678 una
583 1646 669 1686 est,
710 1651 847 1692 quum
877 1636 1124 1692 quaeritur,
1170 1637 1282 1677 sitne

128 1694 311 1748 aliquidg
357 1693 512 1738 altera.
542 1694 662 1734 unde
690 1702 838 1736 ortum
869 1695 947 1745 sit3
988 1693 1138 1743 tertia,
1169 1707 1283 1748 quae

127 1750 169 1791 id
199 1765 329 1791 causa
351 1749 566 1800 effecerit3
603 1759 776 1805 quarta,
806 1752 851 1792 in
874 1766 959 1807 qua
989 1749 1044 1792 de
1069 1749 1282 1792 mutatio-

126 1822 182 1847 ne
211 1806 274 1847 rei
307 1805 544 1860 quaeritur.
613 1808 700 1858 Sit,
737 1823 877 1850 necne
907 1808 981 1848 sit:
1021 1806 1281 1863 ecquidnam

126 1863 363 1904 honestum
384 1862 458 1913 sit3
493 1864 645 1917 ecquid
668 1879 854 1921 aequum
875 1880 924 1906 re
942 1878 1069 1914 vera3
1098 1878 1154 1904 an
1176 1863 1283 1904 haec

126 1928 298 1961 tantum
327 1920 373 1960 in
402 1919 608 1975 opinione
639 1922 738 1965 sint.
795 1922 926 1965 Unde
950 1928 1098 1963 autem
1118 1920 1175 1963 sit
1203 1935 1282 1961 or-

175 2073 206 2115 1)
229 2073 366 2107 Addidi
394 2073 667 2116 propositarum,
698 2075 792 2119 quod
817 2074 925 2121 vulgo
951 2073 1070 2115 abest,
1101 2074 1163 2108 sed
1189 2079 1282 2106 recte

126 2116 247 2151 abesse
265 2118 398 2162 nequit.
445 2121 507 2151 Ita
526 2121 620 2152 enim
638 2120 757 2165 infra,
793 2121 1000 2165 quaestione
1026 2121 1095 2153 hac
1115 2118 1281 2152 absoluta

126 2166 332 2207 αμΧΧΙ.
365 2163 420 2195 his
448 2163 561 2196 verbis
580 2165 735 2208 finitur:
781 2167 877 2200 Haec
902 2178 1009 2210 quum
1031 2167 1067 2199 in
1095 2166 1283 2209 propositis

125 2210 379 2253 quaestionibus
405 2222 527 2253 genei‘a
552 2211 632 2244 sint.
655 2219 722 2246 etc.
788 2219 790 2221 ’
