1394 2503
380 144 596 181 ORATOR.
642 144 744 185 cAP.
763 144 820 187 §2-
837 145 894 179 63.
1168 145 1233 189 245

70 222 256 271 'omnino
276 225 615 283 repudiandum.
675 225 719 268 Si
751 225 867 268 enim
886 237 1065 282 semper
1092 231 1232 276 utare,

75 300 214 340 quum
243 285 481 326 satietatem
512 283 660 332 affert,
698 290 807 333 tum,
838 283 966 337 quale
996 283 1064 332 sit,
1094 282 1229 326 etiam

65 343 129 383 ‘ab
157 341 373 397 imperitis
399 344 413 363 ¹
447 341 710 396 agnoscitur.
773 339 976 383 Detrahit
1004 346 1232 396 praeterea

74 398 254 440 actionis
295 398 517 448 dolorem,
568 395 711 439 ausen
762 396 1009 440 humanum
1052 411 1229 439 sensum

73 455 255 506 actoris,
282 455 395 497 tollit
423 454 618 496 funditus
647 453 876 496 veritatem
899 462 942 499 et
973 451 1121 499 fidem.

155 567 316 611 LXIII.
375 567 473 615 Sed,
505 567 713 622 quoniam
731 565 979 611 adhibenda
1003 580 1242 613 nonnum--x

73 639 209 680 quam
240 633 326 673 est,
365 625 562 680 primum
590 624 833 666 vide-udum*
863 630 952 672 est,
997 637 1085 677 quo
1115 623 1230 672 loco,

74 683 235 723 deinde
267 680 477 736 quamdiu
503 680 730 723 retinenda
757 682 832 732 sit,
864 687 962 721 tum
991 689 1098 736 quot
1126 694 1232 728 mo-

72 738 138 780 dis
167 737 491 780 commutanda.

157 813 421 857 Adhibenda
450 821 514 855 est
549 814 684 873 igitur
722 828 962 856 numerosa
990 812 1153 863 oratio,
1192 812 1228 854 si

71 879 148 914 aut
175 870 444 913 laudandum
474 879 538 912 est
567 871 730 927 aliquid
760 868 978 920 ornatius,
1009 878 1060 911 ut
1079 885 1160 911 nos
1181 870 1231 912 in

73 928 362 970 accusationis
394 927 584 969 secundo
607 931 628 951 2
660 930 713 970 de
754 927 924 972 Siciliae
953 927 1080 975 laude
1110 927 1230 967 dixi-

71 1000 197 1035 mu83
229 993 278 1025 ut
306 986 351 1025 in
378 992 529 1025 senatu
560 985 612 1025 de
643 986 870 1026 consulatu
902 999 1022 1025 meo:
1053 991 1125 1025 aut
1143 998 1229 1024 ex-

72 1041 276 1099 ponenda
305 1041 528 1091 narratio,
566 1056 678 1097 quae
719 1042 818 1096 plus
859 1040 1078 1100 dignitatis
1109 1040 1230 1081 desi-

72 1100 209 1149 derat,
235 1101 248 1124 ³
275 1112 404 1152 quam
428 1096 623 1146 doloris,
654 1106 701 1139 ut
728 1099 773 1139 in
798 1105 955 1153 quarto
985 1097 1229 1139 accusatio-

71 1155 138 1199 nis
169 1156 222 1196 de
251 1153 447 1196 Eunensi
475 1154 661 1206 Cerere,
702 1155 754 1196 de
795 1156 1029 1209 Segestana
1068 1154 1230 1208 Diana,

72 1213 126 1254 de
172 1212 491 1267 Syracusarum
531 1212 661 1253 situ4
697 1210 908 1258 diximus.
982 1211 1122 1266 Saepe
1163 1209 1232 1252 et-'

69 1271 163 1313 iam
201 1271 248 1310 in
302 1267 611 1324 amplificanda
654 1284 727 1319 re,
775 1282 984 1310 concessu
1031 1267 1231 1315 omnium

72 1326 275 1370 funditur
309 1339 543 1366 numerose
584 1333 625 1367 et
666 1324 921 1372 volubiliter
960 1324 1114 1366 oratio.
1178 1324 1230 1365 Id

70 1399 152 1425 nos
190 1381 373 1423 fortasse
413 1397 503 1422 non
542 1381 836 1438 perfecimus,
879 1382 1024 1423 conati
1054 1381 1231 1436 quidem

73 1439 322 1495 saepissime
339 1453 515 1479 sumus:
546 1440 661 1495 quod
683 1438 888 1497 plurimis
917 1438 1024 1479 locis
1045 1453 1233 1495 perora-

70 1498 213 1538 tiones
247 1502 440 1541 nostrae,
467 1495 657 1541 voluisse
681 1511 777 1546 nos,
801 1502 928 1548 atque
947 1495 1094 1536 animo
1121 1508 1233 1535 con-

70 1553 275 1602 tendisse,
297 1552 534 1597 declarant.
590 1552 637 1593 Id
660 1559 806 1592 autem
825 1558 921 1591 tum
943 1552 1070 1602 valet,
1092 1563 1232 1605 quum

73 1611 134 1662 is,
165 1609 238 1665 qui
267 1608 412 1657 audit,
443 1610 496 1654 ab
527 1617 698 1653 oratore
729 1609 817 1649 iam
848 1608 1046 1649 obsessus
1074 1617 1151 1658 est,
1182 1622 1232 1648 ac

69 1675 262 1708 tenetur.
323 1666 424 1708 Non
443 1667 564 1714 enim
579 1674 676 1709 tum
693 1667 708 1692 ⁵
732 1665 776 1707 id
796 1665 898 1720 agit,
929 1672 980 1706 ut
999 1663 1232 1706 insidietur

97 1896 104 1903 .
124 1851 163 1904 3)
187 1849 311 1884 Minus
331 1847 416 1881 bene
432 1847 599 1881 Lambin.
625 1856 699 1883 tum
716 1851 832 1893 etiam,
863 1849 963 1895 quale
980 1849 1037 1893 sit,
1062 1849 1103 1883 ab
1120 1850 1234 1895 impe-

75 1904 163 1930 rins-

122 1961 158 2005 2)
188 1961 329 1995 Verrin.
353 1961 436 1999 Act.
466 1962 522 1993 II.
554 1957 615 1992 lib.
646 1962 704 1993 II.
731 1972 760 1994 c.
783 1973 812 1995 1.
841 1973 918 2007 sqq.

125 2027 168 2072 ὅ)
192 2031 281 2062 Ενη.
311 2028 403 2061 coni.
441 2026 628 2060 desideret.

126 2104 168 2148 4)
198 2105 339 2151 Verrim
361 2105 445 2144 Act.
473 2105 530 2136 II.
565 2101 628 2135 lib.
644 2102 712 2136 IV.
741 2115 771 2136 c.
799 2103 853 2145 48.
870 2114 946 2150 sqq.
979 2117 1009 2137 c.
1035 2104 1091 2137 55.
1111 2115 1186 2150 sqq.
1208 2115 1237 2137 c.

80 2151 125 2192 §2
143 2163 182 2195 sq
209 2175 218 2184 .

132 2216 171 2259 5)
185 2163 314 2261 qlfulgo
338 2213 439 2263 qbest
463 2221 547 2255 tum,
569 2214 663 2261 quod
687 2228 798 2251 nexus
825 2227 936 2252 causa
961 2215 1107 2249 inserui.
