1394 2503
438 160 623 197 TOPICA.
673 162 773 198 CAP.
798 164 831 199 4.
1147 174 1213 208 271

55 246 312 303 legatusest,
342 241 624 299 deperisset.“
678 242 1026 303 Adifferenticz:
1067 242 1213 296 „Non⁹

57 304 94 356 si
134 300 265 344 uxori
305 300 376 343 vir
411 301 573 355 legavit
612 316 744 342 omne
783 308 1041 356 argentum,
1097 298 1216 356 quod

56 373 187 405 suum
217 364 352 408 esset,
388 357 570 409 iccirco,
617 373 728 414 quae
752 359 798 400 in
827 357 1082 399 nominibus
1112 358 1217 398 fue-

55 422 184 467 runt,
221 416 362 471 legata
391 422 506 455 sunt,
576 416 772 458 Multum
808 415 926 456 enim
957 414 1124 465 differt,
1165 414 1216 456 in

55 487 213 514 arcane
238 473 443 528 positum
483 471 537 513 sit
574 479 829 528 argentum,
876 487 932 514 an
972 473 1018 513 in
1058 471 1216 512 tabulis

57 530 321 571 (lebeatur.“
378 528 451 569 Ex
481 529 703 570 contrario
728 537 898 579 autem,
928 529 1010 570 sic:
1071 530 1216 579 „Non

56 586 182 628 debet
232 601 283 626 ea
321 584 504 638 mulier,
554 586 626 627 cui
663 586 734 628 vir
771 586 992 628 bonorum
1029 598 1217 627 suorum

54 642 384 686 usumfructum
412 641 598 696 legavit,
642 642 762 685 cellis
801 643 983 685 vinariis
1021 649 1063 684 et
1094 644 1217 683 olea-

55 701 131 742 riis
160 699 304 755 plenis
333 698 519 749 relictis,
563 707 722 757 putare
751 699 793 741 id
824 701 877 742 ad
908 716 955 742 se
982 699 1217 757 pertinere.

55 757 175 799 Usus
203 757 348 802 enim,
377 770 468 797 non
499 756 682 807 abusus,
711 756 880 813 legatus
910 766 989 799 est.
1029 757 1097 798 Ea
1115 763 1217 797 sunt

55 813 173 854 inter
208 828 254 854 se
282 812 516 854 contraria.
531 817 558 837 ‘⁶
630 814 700 856 Ab
729 813 983 856 aclianctis:
1043 814 1126 865 „Si
1163 825 1218 853 ea

58 870 217 913 mulier
235 877 547 912 testamentum
565 871 680 922 fecit,
713 885 826 926 quae
854 887 901 914 se
920 870 1060 928 capite
1079 880 1219 911 num-

58 942 191 983 quam
222 927 454 977 diminuit,
502 942 593 968 non
622 926 796 969 videtur
831 943 888 969 ex
916 928 1054 970 edicto
1081 941 1220 984 prae-

55 985 169 1025 toris
219 983 459 1025 secundum
507 999 579 1026 eas
623 985 790 1026 tabulas
841 984 1061 1042 possessio
1106 984 1218 1025 dari.

55 1040 327 1095 Adiungitur
352 1041 492 1093 enim,
520 1049 569 1083 ut
599 1040 841 1082 secuudum
869 1055 1117 1090 servorum,
1147 1056 1221 1081 se·

55 1098 254 1139 cundum
284 1099 490 1149 exulum,
538 1099 779 1140 secundum
815 1099 1110 1154 puerulorum
1147 1104 1221 1137 ta-

54 1154 181 1197 bulas
208 1153 419 1210 possessio
447 1154 646 1197 videatur
686 1170 743 1196 ex
771 1156 909 1197 edicio
939 1155 1088 1196 dari.“
1145 1154 1220 1195 Ab

57 1210 415 1252 antecedentibus
442 1219 611 1262 autem,
661 1220 703 1253 et
732 1212 1125 1268 consequentibus,
1176 1217 1220 1250 et

53 1267 421 1325 repugnantibus,
476 1268 558 1310 hoc
579 1268 742 1312 modo:
801 1269 875 1311 Ab
917 1268 1219 1312 antecedenti—

56 1325 165 1367 bus.-
230 1353 254 1373 ‚‚
268 1324 313 1366 Si
353 1325 439 1367 viri
468 1326 597 1383 culpa
637 1325 800 1368 factum
841 1334 907 1368 est
956 1327 1221 1372 divortium,

55 1381 135 1423 etsi
165 1380 328 1422 mulier
356 1383 563 1424 nuntium
593 1383 785 1435 remisit,
814 1391 962 1426 tamen
990 1398 1074 1440 pro
1104 1382 1220 1423 libe-

53 1437 116 1480 ris
146 1452 327 1479 manere
349 1442 365 1461 ¹
419 1439 531 1481 nihil
559 1445 775 1496 oportel.·'‘
832 1443 877 1483 A
908 1437 1218 1496 consequenti-

58 1493 167 1536 lms:
235 1494 320 1546 „Si
351 1496 538 1543 mulier,
578 1511 721 1552 quum
748 1495 904 1538 fuisset
947 1504 1084 1553 nupta
1115 1509 1218 1535 cum

57 1567 132 1604 eo,
171 1552 351 1606 quicum
384 1552 657 1594 connubium
696 1568 785 1594 non
826 1560 958 1604 esset,
1007 1553 1219 1594 nuntium

56 1608 253 1660 remisit3
292 1610 504 1665 quoniam
535 1611 610 1665 qui
640 1611 731 1651 nati
763 1618 890 1661 sunt,
919 1617 1091 1666 patrem
1125 1623 1219 1650 non

53 1672 319 1721 sequuntur,
356 1681 439 1723 pro
469 1666 618 1713 liberis
646 1682 827 1709 manere
855 1666 964 1710 nihil
996 1667 1218 1722 oportet.“

55 1722 97 1764 A
142 1723 524 1777 repugnantibus.-
587 1725 670 1777 „Si
722 1723 1039 1781 paterfamilias
1082 1722 1219 1764 uxori

56 1777 317 1819 ancillarum
347 1780 674 1822 usumfructum
702 1781 860 1837 legavit
889 1781 1046 1829 afilio,
1076 1793 1221 1834 nequo

55 1850 82 1876 a
114 1835 307 1874 secundo
336 1835 496 1879 herede
519 1839 700 1894 legavit,
730 1846 906 1880 mortuo
935 1838 1026 1879 filio
1055 1837 1224 1878 mulier

55 1889 388 1933 usumfructum
420 1908 510 1935 nou
541 1896 724 1936 amittet.
786 1895 918 1951 Quod
944 1895 1061 1937 enim
1085 1893 1220 1935 semel

57 1954 317 1989 testamento
345 1949 475 1991 alicui
507 1951 657 1992 (latum
687 1960 773 1999 est,
825 1953 867 1995 id
899 1953 951 1995 ab
983 1967 1034 1993 eo
1062 1951 1219 1997 invito,

57 2004 129 2045 cui
158 2004 309 2046 datum
339 2013 423 2058 est,
464 2008 629 2051 auferri
659 2023 748 2050 non
779 2017 932 2066 potest.
1007 2010 1223 2063 {epugnat

55 2060 174 2101 enim
222 2069 338 2104 recte
377 2064 596 2120 accipere.
651 2074 693 2107 et
737 2066 932 2108 invitum
978 2065 1176 2107 reddere.
1193 2068 1220 2088 ‘⁶

52 2117 124 2159 Ab
156 2117 640 2174 efficientibuscazcsz's·,
680 2122 766 2164 hoe
794 2125 957 2167 modo:
1011 2154 1039 2177 ,,
1053 2121 1221 2164 Omni-

101 2243 133 2286 1)
158 2245 330 2277 Fortasse
351 2244 421 2290 leg.
455 2243 544 2278 dotis
568 2244 668 2277 nihil.
