1394 2503
240 161 566 201 PARTITIONES
596 161 896 198 ORATORIAE.
943 163 1047 199 CAP.
1080 175 1137 199 21.
1231 165 1300 210 539

120 241 367 289 Conficitur
393 251 538 285 autem
570 257 710 299 genus
742 242 826 285 hoc
855 244 1075 295 dictionis,
1104 257 1301 286 narran-

118 303 185 344 dis
215 300 579 356 exponendisque
609 300 756 351 facfis,
797 301 893 343 sine
921 301 1021 343 ullis
1054 315 1299 357 argumen-

120 357 388 406 tationibuS‚
432 358 486 399 ad
526 357 666 399 animi
713 367 861 401 motus
903 359 1062 400 leniter
1101 368 1299 401 tractan-

117 416 197 458 dos
218 414 373 470 magiS‚
405 428 537 469 quam
565 415 616 455 ad
641 413 779 457 fidem
803 414 1050 458 faciendam
1079 425 1153 459 aut
1184 431 1297 457 con-

118 471 414 521 firmandam,
460 473 807 515 accommodate.
874 474 978 516 Non
1011 477 1130 514 enim
1163 472 1298 516 dubia

115 529 379 576 firmantur,
417 529 492 571 sed
523 544 596 580 ea,
640 544 753 584 quae
782 539 897 573 certa
917 560 928 580 ,
974 537 1050 571 aut
1079 544 1165 587 pro
1196 545 1298 571 cer-

118 588 177 629 tis
219 585 361 643 posita
407 593 534 635 sunt,
587 596 820 642 augentur.
888 586 1196 642 Quamobrem
1235 601 1296 629 ex

112 644 194 695 jis,
223 656 336 699 quae
364 650 466 684 ante
495 643 611 685 dieta
639 651 766 691 sunt,
798 652 842 685 et
871 644 1106 695 narrandi,
1139 652 1182 686 et
1211 659 1296 686 au-

114 701 250 756 gendi
278 708 516 756 praecepta
547 709 820 758 repetentur.
880 702 960 752 Et,
1003 702 1216 758 quoniam
1245 702 1295 744 in

113 758 186 801 his
224 757 366 800 causis
406 758 553 799 omnis
608 761 720 800 ratio
774 757 867 799 fere
907 758 960 800 ad
1016 759 1295 817 voluptatem

116 813 332 857 auditoris
370 822 415 855 et
454 816 505 856 ad
549 815 880 857 delectationem
913 815 1128 868 refertur,
1161 824 1297 858 uten-

113 871 224 914 dum
254 871 339 913 erit
365 870 446 922 iis,
477 872 522 913 in
553 873 772 924 oratione,
819 872 1099 929 singulorum
1130 873 1297 915 verbo-

115 944 222 976 rum
282 928 554 985 insignibus,
603 944 714 985 quae
776 927 942 971 habent
982 934 996 953 ¹
1047 929 1296 986 plurimum

115 984 368 1029 suavitatis:
397 985 443 1028 id
486 991 576 1038 est,
613 995 664 1028 ut
703 987 725 1008 2
752 985 877 1027 factis
904 986 1076 1034 verbis,
1107 995 1184 1028 aut
1213 1002 1296 1030 ve·-

116 1043 279 1094 tusus,
333 1049 411 1084 aut
448 1043 668 1086 translatis
712 1041 970 1098 frequenter
1008 1051 1211 1093 utamur,
1251 1052 1296 1088 et

118 1100 166 1142 in
195 1100 293 1157 ipsa
324 1100 653 1142 constructione
679 1100 918 1141 verborum
936 1133 946 1150 ‚
981 1108 1027 1142 ut
1056 1104 1182 1159 paria
1211 1115 1296 1158 pa·

117 1157 267 1208 ribus,
309 1164 353 1197 et
394 1157 558 1199 similia
598 1157 816 1199 similibus
856 1171 987 1213 saepe
1015 1158 1293 1200 referamur:

113 1221 166 1257 ut
210 1213 458 1265 contraria,
499 1221 552 1255 ut
591 1212 835 1269 geminata,
879 1222 928 1256 ut
958 1213 1294 1272 circumscripta

114 1285 385 1321 numerose,
441 1284 533 1313 non
581 1271 636 1313 ad
679 1270 1018 1314 similitudinem
1060 1272 1294 1326 versuinn,

114 1327 192 1370 sed
222 1326 277 1369 ad
303 1327 580 1393 explendum
610 1329 790 1370 aurium
811 1341 1008 1375 sensum,
1041 1339 1144 1386 apto
1176 1344 1295 1386 quo-

116 1384 221 1426 dam
259 1397 384 1439 quam
443 1385 685 1428 verborum
733 1385 881 1429 modo.
924 1387 940 1412 ³
1002 1387 1296 1430 Adhibenda-

115 1455 205 1498 que
235 1439 514 1495 frequentius
553 1443 686 1484 etiam
726 1443 797 1485 illa
835 1451 1099 1486 ornamenta
1137 1459 1294 1488 rerum

116 1505 244 1551 sunt,
283 1498 379 1540 sive
417 1512 530 1553 quae
572 1499 850 1541 admirabilia
896 1507 939 1540 et
975 1515 1058 1542 nec-
1098 1503 1294 1557 opinata,

117 1555 214 1597 sive
244 1553 488 1610 significata
519 1556 758 1606 monstris,
787 1554 1030 1614 prodigiis,
1060 1566 1102 1600 et
1133 1572 1294 1601 oracu-

114 1611 194 1654 lis:
234 1612 327 1654 sive
357 1627 470 1668 quae
500 1612 770 1655 videbuntur
800 1614 862 1664 ei,
902 1613 956 1655 de
986 1629 1075 1669 quo
1105 1614 1294 1672 agimus,

115 1668 324 1710 accidisse
352 1673 375 1698 ⁴
411 1669 564 1712 divina
593 1678 726 1726 atque
754 1669 914 1712 fatalia.
975 1671 1136 1714 Omnis
1167 1673 1291 1715 enim

118 1726 389 1780 exspectatio
428 1727 547 1777 eius,
587 1729 662 1783 qui
691 1729 834 1778 audit,
877 1734 921 1769 et
958 1727 1208 1779 admiratio,
1250 1736 1295 1771 et

118 1781 356 1837 improvisi
386 1783 549 1834 exitus,
580 1784 742 1826 habent
771 1785 964 1840 aliquam
993 1784 1039 1826 in
1071 1785 1291 1830 audiendo

118 1839 408 1895 voluptatem.
469 1840 554 1882 Sed
583 1841 796 1897 quoniam
837 1841 975 1883 tribus
1005 1842 1051 1884 in
1083 1844 1100 1871 ⁵
1154 1858 1292 1901 gene*

168 1981 205 2026 ι)
229 1982 319 2014 Em.
338 1982 433 2014 coni.
449 1982 614 2018 habeant.

165 2047 208 2091 2)
232 2047 303 2081 Ed.
325 2048 447 2082 Vener.
465 2050 503 2083 id
522 2051 579 2094 fit,
605 2053 656 2094 si,
680 2050 776 2097 quod
785 2049 932 2097 placuit
948 2043 1130 2080 Emenso.

164 2111 208 2157 3)
232 2112 335 2153 Male
352 2114 520 2148 Lambin.
538 2118 649 2153 nodo,

194 2178 207 2222 )
230 2179 395 2215 cecidisse
414 2181 534 2225 Guels'.
556 2185 625 2218 Ed.
647 2185 736 2220 Ven.

168 2244 202 2289 5)
227 2246 287 2280 Sic
303 2245 423 2293 Guels.
459 2249 577 2296 Vulgo
599 2250 636 2284 in
655 2251 778 2285 tribua
