1394 2503
424 154 612 190 TOPICA.
660 154 762 190 CAP.
784 165 843 191 21.
869 166 923 190 η.
1031 180 1033 188 .
1183 165 1247 200 297

181 233 306 280 XXI·
363 232 433 276 De
461 232 718 289 cognitionis
752 232 1071 289 quaestionibus
1096 231 1253 276 hacte-

97 307 195 337 nus.
250 291 450 335 Actionis
472 291 666 347 reliquae
687 299 806 333 sunt:
837 305 1025 347 quarum
1046 290 1133 333 duo
1151 298 1256 334 sunt

57 356 64 357 ’
98 364 286 408 genera:
335 363 477 391 unum
507 348 562 390 ad
591 347 806 398 officium,
851 348 1037 390 alterum
1069 349 1123 389 ad
1153 363 1255 390 mo-

98 416 194 450 tum
214 406 351 449 animi
370 406 441 447 vel
462 405 747 462 gignendum,
775 405 848 446 vel
868 403 1123 454 sedandum,
1155 406 1256 461 pla-

95 477 210 507 neve
238 463 496 505 tollendum.
554 462 624 505 Ad
655 462 851 505 officium
882 463 964 503 sic:
1015 471 1087 512 ut,
1117 477 1256 517 quum

97 521 347 576 quaeritur,
376 519 699 577 suscipiendine
730 518 817 561 sint
845 519 1002 561 liberi?
1057 518 1129 560 Ad
1152 534 1257 560 mo-

97 577 264 620 vendos
293 577 484 625 animos,
532 591 668 633 quum
698 575 811 618 fiunt
847 576 1171 618 cohortationes
1200 575 1257 618 ad

98 633 420 677 defendendam
446 649 545 676 rem
573 633 815 691 publicam,
869 634 921 675 ad
956 632 1164 688 gloriam,
1214 641 1259 675 et

98 691 153 734 ad
183 692 381 734 laudem:
421 705 510 747 quo
540 705 599 733 ex
625 706 786 748 genere
809 700 911 732 sunt
936 690 1154 746 querelae,
1184 690 1261 732 in-

99 749 349 800 citationes,
379 749 769 803 miserationesque
789 746 979 799 flebiles,
1016 751 1258 803 rursusque

101 807 241 848 oratio
271 814 363 848 tum
393 805 668 848 iracundiam
689 805 978 860 restinguens,
994 808 1009 827 ¹
1040 812 1135 844 tum
1158 818 1260 844 me-

99 871 197 906 tum
220 863 435 921 eripiens,
462 871 560 904 tum
580 862 874 904 exsultantem
896 861 1108 903 laetitiam
1129 875 1259 902 com-

99 921 322 979 primens,
360 928 456 962 tum
476 919 794 974 aegritudinem
814 918 1077 974 abstergens.
1134 917 1263 959 Haec·

101 992 243 1034 quum
272 978 319 1020 in
347 976 585 1035 propositis
616 974 940 1031 quaestionibus
969 989 1130 1031 genera
1158 974 1262 1026 sint,

101 1035 260 1077 eadem
290 1035 338 1077 in
369 1048 520 1076 causas
547 1033 892 1075 transferuntur.

185 1147 330 1191 XXII.
386 1147 497 1190 Loci
527 1154 672 1190 autem
703 1146 778 1201 qui
815 1144 870 1188 ad
899 1159 1092 1201 quasque
1120 1159 1261 1202 quae-

104 1205 267 1248 stiones
307 1204 627 1247 accommodati
665 1211 790 1256 sunt,
849 1202 1052 1260 deinceps
1091 1211 1154 1245 est
1189 1203 1262 1244 vi·-

105 1262 313 1305 dendum.
397 1263 566 1304 Omnes
606 1260 783 1317 quidem
826 1259 918 1311 illi,
979 1274 1087 1314 quos
1131 1274 1263 1315 supra

105 1320 325 1373 diximus,
353 1319 406 1360 ad
433 1319 664 1376 plerasque
693 1326 816 1370 sunt,
853 1316 928 1358 sed
954 1316 1030 1359 alii
1060 1316 1112 1358 ad
1143 1318 1264 1368 alias,

62 1408 63 1412 ,
106 1385 156 1419 ut
184 1376 303 1428 dixi,
331 1377 532 1433 aptiores.
587 1375 659 1418 Ad
688 1376 985 1417 coniecturam
1008 1374 1144 1429 igitur
1163 1389 1265 1415 ma·-

107 1433 231 1477 xime
258 1441 384 1490 apta,
427 1447 537 1488 quae
567 1448 624 1476 ex
653 1432 817 1485 causis,
858 1445 968 1485 quae
998 1446 1057 1472 ex
1086 1430 1266 1479 effectis,

108 1505 222 1547 quae
252 1505 310 1533 ex
338 1489 579 1531 coniunctis
610 1489 724 1531 sumi
748 1495 944 1545 possunt.
1001 1488 1074 1529 Ad
1106 1487 1266 1528 defini-

106 1548 278 1590 tionem
307 1555 453 1590 autem
481 1546 676 1603 pertinet
717 1547 828 1586 ratio
859 1552 901 1585 et
938 1541 1113 1585 scientia
1152 1542 1267 1594 defif

108 1604 274 1646 niendi.
343 1603 490 1659 Atque
525 1601 630 1644 huic
667 1603 815 1658 generi
851 1599 1090 1642 finitimum
1117 1607 1181 1642 est
1210 1601 1268 1641 il-

108 1661 212 1711 lud,
246 1661 361 1717 quod
391 1659 608 1718 appellari
637 1659 689 1700 de
718 1658 872 1700 eodem
905 1664 949 1699 et
976 1659 1115 1699 altero
1145 1657 1268 1699 dixi-

112 1732 233 1760 mus:
272 1717 387 1770 quod
419 1732 558 1773 genus
587 1717 734 1758 forma
758 1715 972 1772 quaedam
997 1713 1268 1756 definitionis

113 1781 191 1815 est.
257 1774 303 1814 Si
331 1774 451 1815 enim
481 1781 739 1829 quaeratur,
778 1772 953 1814 idemne
986 1772 1043 1812 sit
1071 1771 1271 1827 pertina—

112 1830 179 1883 cia
205 1838 246 1872 et
266 1832 609 1886 perseverantia,
638 1830 964 1871 definitionibus
986 1826 1271 1870 iudicandum

116 1894 194 1928 est.
260 1887 372 1929 Loci
400 1895 548 1929 autem
587 1887 851 1930 convenient
888 1886 932 1927 in
972 1885 1064 1926 eius
1099 1885 1272 1941 generis

115 1945 414 1999 quaestionem
444 1951 778 2000 consequentes,
819 1941 1147 1994 antecedentes,
1193 1958 1274 1984 re-

114 2009 380 2057 pugnantes,
427 2000 639 2043 adiunctis
683 2000 814 2041 etiam
862 1998 1030 2040 duobus
1069 1998 1146 2050 iis,
1197 1997 1274 2054 qui

118 2067 352 2099 sumuntur
382 2073 439 2099 ex
470 2059 609 2100 causis
640 2065 681 2099 et
709 2056 884 2099 effectis.
941 2056 1060 2097 Nam
1093 2056 1129 2096 si
1156 2054 1273 2096 hano

116 2129 212 2156 rem
241 2114 315 2157 illa
343 2115 564 2171 sequitur,
608 2114 722 2157 hanc
751 2122 898 2156 autem
933 2128 1024 2154 non
1054 2112 1272 2167 sequiturg

168 2247 203 2289 ι)
232 2246 293 2278 Ed.
327 2246 466 2280 omnib.
488 2246 707 2289 restringens.
