1394 2503
157 151 176 185 3
183 154 224 193 78
610 151 862 187 CICERONIS

155 231 285 274 facile
326 231 670 274 Demosthenes:
722 230 840 273 hunc
876 232 915 275 si
960 233 1059 289 quis
1101 233 1316 289 imitetur,

157 305 262 331 eum
294 297 335 331 et
363 289 509 331 Attice.
540 289 787 341 dictur‚um
818 296 859 330 et
889 291 1076 346 optime·
1107 300 1168 342 ut,
1200 307 1314 347 quo-

153 348 275 390 niam
313 346 448 387 Attici
486 348 611 388 nobis
652 346 867 403 ΡιοΡοείῐί
907 356 1007 388 sunt
1040 347 1090 389 ad
1128 350 1312 392 imitan-

154 405 287 453 dum,
318 404 430 445 bene
462 403 630 457 dicere,
660 404 706 446 id
736 405 792 446 sit
819 403 963 447 Attice
991 405 1151 450 dicere.

263 519 321 561 V-
382 517 463 559 Sed
507 532 647 573 quum
688 518 736 559 in
775 532 827 558 eo
861 532 1046 574 magnus
1077 533 1205 562 error
1232 535 1308 562 es-

149 583 236 628 set,
266 576 393 630 quale
422 585 531 617 esset
563 576 605 617 id
636 575 810 617 dicendi
837 589 999 630 genus·
1029 577 1182 633 putavi
1215 576 1308 618 mi-

145 633 194 675 hi
244 632 569 689 suscipiendum
618 633 839 682 laborem,
886 633 1040 675 utilem
1087 633 1307 686 studiosis,

145 690 255 734 mihi
287 705 374 745 qm
367 701 465 730 iem
496 690 581 746 ipsi
610 705 700 731 non
731 692 1306 734 necessa1ium.Conve1-

143 748 176 789 ti
206 746 324 789 enim
355 762 411 788 ex
442 746 598 790 Atticis
621 749 813 789 duorum
837 748 1222 803 eloquentissimm
1227 763 1305 790 um

142 805 435 846 nobilissimas
467 806 682 847 orationes
712 805 826 846 inte1
856 820 901 846 se
921 806 1174 857 manerias,
1207 806 1303 847 Ae-

141 862 302 904 schinis
333 862 753 917 Demosthenisque:
787 878 866 904 nec
895 863 1118 913 converti,
1148 871 1198 905 ut
1231 863 1302 904 in-

140 927 337 974 terpres,
377 920 450 961 sed
483 928 529 960 ut
567 927 739 965 orator,
779 919 1005 961 sententiis
1034 920 1216 969 iisdem,
1257 927 1300 961 et

139 991 295 1018 earum
339 975 516 1026 formis,
568 984 794 1032 tamquam
838 975 1015 1033 figuris,
1059 977 1205 1018 verbis
1241 977 1329 1018 ad‘

135 1043 331 1075 nostram
365 1034 725 1075 consuetudinem
755 1034 889 1090 aptis:
932 1034 976 1075 in
1015 1035 1174 1089 quibus
1205 1048 1297 1075 non

131 1091 321 1133 verbum
352 1106 438 1157 pro
467 1092 599 1134 verbo
629 1107 802 1132 necesse
830 1091 963 1132 habui
992 1091 1189 1142 reddere,
1221 1090 1296 1132 sed

132 1163 270 1203 genus
318 1149 520 1190 omnium
580 1149 818 1191 veiboium
873 1149 1049 1204 vimque
1102 1147 1290 1191 selvavi.

132 1207 237 1248 Non
276 1206 394 1247 enim
434 1221 482 1246 ea
521 1221 592 1247 me
633 1205 1104 1247 a11n11me1a1elect01i
1134 1204 1291 1261 putavi

132 1269 352 1317 opoite1e‚
384 1263 455 1303 sed
488 1271 710 1317 tamquam
734 1262 997 1319 appendele.
1055 1261 1141 1303 Hic
1166 1261 1290 1302 labor

127 1333 253 1360 meus
283 1319 367 1359 hoc
397 1329 662 1374 assequetul
692 1328 740 1361 ut
772 1320 911 1361 nosui
935 1318 1150 1370 homines,
1181 1318 1295 1372 quid

127 1377 182 1417 ab
212 1376 296 1416 illis
329 1380 530 1431 exigant
562 1392 636 1431 qui
667 1392 711 1416 se
742 1377 909 1418 Atticos
940 1376 1115 1427 volunt,
1157 1382 1201 1415 et
1229 1374 1286 1417 ad

127 1447 264 1496 quam
300 1448 373 1474 eos
417 1434 540 1488 quasi
577 1434 819 1475 formulam
860 1432 1029 1474 dicendi
1060 1438 1286 1483 revocent,

125 1488 386 1546 intelligant.
448 1490 531 1532 Sed
562 1492 787 1531 exorietul
817 1488 1113 1544 Thucydides.
1173 1489 1281 1531 Eius

125 1524 472 1601 enin1⁰quidam
529 1548 824 1602 eloquentiam
875 1547 1164 1588 admilanlur,
1233 1544 1281 1588 Id

123 1604 300 1659 quidem
344 1612 485 1645 lmzelte
537 1605 610 1646 sed
653 1606 761 1648 nihil
801 1605 854 1646 ad
896 1619 998 1645 eum
1041 1610 1280 1650 matorem,

123 1675 256 1716 quem
297 1663 560 1716 quaerimus.
619 1662 755 1704 Aliud
794 1669 858 1702 est
897 1662 1015 1703 enim
1055 1659 1279 1715 explicare

118 1732 189 1759 res
219 1726 361 1773 gestas
390 1720 632 1770 narrando,
663 1719 779 1760 aliud
811 1716 1160 1773 argumentando
1189 1717 1280 1758 cri-

118 1775 294 1825 minari,
326 1776 549 1817 crimenve
579 1777 839 1818 dissolvere:
872 1775 991 1816 aliud
1023 1774 1278 1816 narratione

114 1839 265 1872 tenere
294 1833 564 1883 auditorem,
601 1834 714 1874 aliud
747 1833 975 1875 concitare.
1029 1830 1089 1873 At
1126 1830 1276 1884 loqui-

114 1895 189 1929 tur
218 1889 413 1944 pulchre.
471 1891 594 1932 Num
622 1891 797 1942 melius,
827 1904 959 1945 quam
990 1889 1146 1930 Plato?
1175 1888 1276 1928 Ne-

114 1960 233 1987 cesse
278 1954 422 1988 tamen
479 1954 544 1988 est
591 1963 642 1991 or
645 1948 780 1998 flori,
833 1962 965 2002 quem
1004 1945 1273 2001 quaerimus,

113 2004 397 2045 contioxe1s1
389 2019 433 2044 ts
474 2006 695 2060 explicare
742 2003 936 2045 foieuses
976 2002 1148 2045 dicendi
1190 2017 1272 2059 ge-

111 2073 217 2100 nme
247 2068 349 2114 apto
381 2062 434 2101 ad
465 2062 736 2114 docendum,
774 2062 826 2103 ad
859 2060 1185 2114 delectandum,
1214 2057 1270 2102 ad

108 2129 293 2171 permov
286 2117 475 2160 endum.

221 2229 296 2274 VI.
360 2231 513 2288 Quare
543 2233 579 2275 si
609 2234 707 2290 quis
739 2231 841 2285 erit,
874 2232 949 2289 qui
979 2215 1262 2289 Thucydidio
