1394 2503
195 170 512 207 PARTITIONES
540 169 836 205 ORATORIAE.
883 170 968 216 cap.
995 182 1026 216 7.
1051 172 1087 210 8.
1153 173 1217 206 521

60 251 272 296 orationis
303 263 464 304 genere
501 249 796 299 consentient,
840 249 1020 307 eiusque
1049 250 1142 292 vim
1168 265 1217 292 ac

61 309 314 354 varietatem
329 306 662 360 subsequentur.

51 372 60 373 ’
146 369 199 409 F.
234 367 352 408 Num
373 363 584 418 quidnam
603 364 656 404 de
677 370 850 404 oratore
868 363 964 422 ipso
984 364 1145 406 restat?

145 423 205 466 P.
231 421 360 464 Nihil
393 434 518 471 sane,
568 426 744 476 praeter
776 421 1064 472 memoriam,
1105 436 1217 477 quae

58 488 129 524 est
148 480 325 536 gemina
344 477 597 518 literaturae
619 477 967 531 quodammodo,
1005 486 1046 520 et
1066 478 1113 519 in
1135 478 1217 520 dis·

61 536 196 582 simili
228 549 388 591 genere
420 532 666 590 persimilis.
729 536 847 576 Nam
877 542 926 575 ut
957 534 1031 575 illa
1048 543 1217 577 constat

62 609 121 637 ex
137 592 252 635 notis
269 592 511 642 literarum,
543 599 583 631 et
603 605 658 631 ex
675 605 739 637 ee,
770 592 815 632 in
839 590 1216 649 quoimprimun-

59 650 253 695 turillae
279 655 432 690 notae:
465 648 525 688 sic
554 646 766 688 confectio
797 648 1064 697 memoriae,
1099 657 1218 690 tam-

62 722 197 763 quam
215 720 336 754 cera,
366 703 472 745 locis
492 705 649 757 utitur,
680 711 723 746 et
740 706 786 746 in
807 705 874 747 his
904 706 1118 761 imagines
1128 736 1140 756 ,
1170 715 1220 747 ut

60 765 238 817 literas,
270 761 466 804 collocat.

145 877 264 920 VIII.
293 874 347 918 F.
379 872 605 930 Quoniam
622 872 756 928 igitur
776 873 845 915 vis
869 874 1051 916 oratoris
1075 874 1220 916 omnis

62 934 268 991 exposita
296 938 381 978 est,
412 930 516 986 quid
545 931 678 972 habes
709 929 763 971 de
797 931 1005 973 orationis
1035 945 1219 988 praece-

60 993 148 1050 ptis
178 988 353 1032 dicere?

138 1059 197 1100 P.
230 1057 436 1112 Quatuor
452 1069 542 1096 esse
567 1054 659 1096 eius
671 1062 833 1108 partes:
866 1069 1055 1110 quarum
1076 1055 1223 1113 prima

67 1124 109 1158 et
137 1122 362 1171 postrema
396 1111 446 1152 nd
475 1119 645 1152 motum
675 1111 811 1152 animi
842 1113 970 1153 valet.
1027 1114 1068 1154 Is
1100 1112 1220 1155 enim

63 1171 203 1215 initiis
235 1177 299 1211 est
331 1176 372 1210 et
400 1169 752 1224 perorationibus
784 1168 1079 1211 concitandus.
1137 1169 1221 1210 Se·-

65 1229 233 1277 cunda,
267 1225 484 1276 narratio,
516 1232 558 1266 et
586 1226 723 1275 tertia,
757 1225 1055 1274 confirmatio,
1088 1225 1221 1268 fidem

63 1286 167 1330 facit
215 1281 418 1325 orationi.
488 1282 570 1323 Sed
615 1282 896 1339 amplificatio
951 1297 1222 1338 quamquam

65 1343 198 1385 habet
224 1338 459 1396 proprium
489 1339 659 1391 locum,
689 1353 816 1395 saepe
848 1339 978 1381 etiam
1007 1340 1221 1395 primum,

66 1406 341 1457 postremum
372 1395 551 1450 quidem
582 1396 676 1437 fere
704 1411 903 1452 semper,
935 1404 1081 1438 tamen
1110 1396 1223 1438 reli-

67 1471 155 1511 quo
192 1456 240 1496 in
271 1466 401 1494 cursu
438 1453 646 1494 orationis
675 1453 920 1494 adhibenda
949 1462 1035 1503 est,
1074 1454 1223 1494 maxi-

66 1526 226 1567 meque
255 1523 390 1565 quum
409 1508 570 1564 aliquid
600 1517 673 1551 aut
698 1509 1010 1550 confirmatum
1040 1518 1118 1561 est,
1148 1516 1222 1550 aus

67 1568 406 1625 reprehensum.
483 1567 634 1620 ltaque
662 1566 713 1606 ad
759 1565 891 1607 fidem
928 1580 1101 1621 quoque
1150 1566 1222 1608 vel

66 1625 311 1684 plurimum
336 1622 462 1663 valet.
522 1623 600 1663 Est
624 1622 744 1663 enim
775 1622 1055 1679 amplificatio
1083 1623 1223 1664 vehe—

66 1697 192 1724 mens
224 1679 438 1736 quaedam
467 1679 818 1734 argumentati03
855 1687 905 1720 ut
944 1680 1018 1722 illa
1057 1680 1221 1721 docen-

68 1739 112 1780 di
157 1752 285 1779 causa
325 1736 400 1784 sit,
448 1736 555 1777 haec
598 1736 920 1778 commovendi.

153 1815 209 1857 F.
243 1814 380 1868 Perge
419 1813 553 1868 igitur
583 1814 740 1856 ordine
778 1821 963 1870 quatuor
991 1814 1092 1856 istas
1130 1812 1220 1855 mi-

71 1870 118 1914 hi
151 1875 166 1895 ¹
207 1877 350 1928 partes
381 1870 617 1927 explicare.

152 1948 208 1990 P.
240 1947 430 1994 Faciam,
461 1955 503 1988 et
532 1962 556 1988 a
583 1949 809 2004 principiis
828 1949 1028 2004 primum
1057 1948 1222 1991 ordiar.

75 2006 202 2063 Quae
235 2005 414 2061 quidem
445 2004 666 2047 ducuntur
695 2015 768 2048 aut
799 2021 855 2048 ex
882 2006 1109 2063 personis,
1148 2013 1222 2046 anit

123 2209 160 2251 1)
186 2209 243 2241 Sic
261 2212 330 2242 Ms.
354 2208 472 2253 Guelf.
501 2207 615 2255 Vulgo
636 2208 717 2241 mihi
741 2209 831 2242 istas.

126 2287 192 2319 G'I'C-
220 2288 306 2332 017⁷·
337 2291 430 2322 Tum.
457 2289 531 2320 III.
915 2298 950 2319 2⁹
