1394 2503
146 131 211 167 526
600 128 851 164 CICERONIS

153 207 324 251 consilii
353 216 475 259 sunt,
503 214 579 248 aut
606 205 957 262 imprudentiae3
998 222 1110 264 quae
1140 215 1204 250 est
1233 217 1307 251 aut

152 267 199 309 in
238 279 362 316 casu,
399 272 474 306 aut
512 264 560 304 in
598 264 787 319 quadam
826 265 964 305 animi
1001 266 1307 322 permotione:

154 338 283 373 casu,
323 336 462 378 quum
491 321 614 362 aliter
642 321 824 368 cecidit,
856 324 871 343 ¹
926 336 975 362 ac
1004 332 1203 378 putatum
1228 324 1310 364 sitz

153 381 456 438 permotione,
503 393 642 433 quum
695 384 771 418 aut
817 377 1001 429 oblivio,
1054 386 1127 420 aux
1167 394 1310 433 error,

156 444 234 479 aut
262 444 429 488 metus,
479 442 555 476 aut
583 436 732 489 aliqua
763 434 1006 490 cupiditatis
1045 449 1173 477 causa
1201 451 1312 493 per-

156 494 310 537 movit.
365 493 445 534 Est
493 492 624 533 etiam
658 492 703 532 in
744 491 1041 547 imprudentia
1079 493 1312 535 necessitas

156 549 378 610 ponenda.
437 549 608 590 Rerum
651 556 796 590 autem
839 549 1055 590 bonarum
1091 557 1134 590 et
1169 549 1314 592 mala-

159 623 265 651 rum
307 607 391 648 tria
428 615 529 648 sunt
568 620 744 662 genera-
804 606 925 647 Nam
965 606 1110 647 autin
1141 606 1315 659 animis,

161 672 238 707 aut
274 664 320 705 in
361 663 646 721 corporibus,
697 670 773 704 aut
810 670 936 704 extra
983 678 1075 704 esse
1115 670 1317 720 possunt.

161 720 312 765 Huius
348 721 483 778 igitur
512 720 744 768 materiae,
785 720 836 760 ad
869 728 1180 776 argumentum
1209 721 1318 761 sub-

161 779 298 821 iectae
318 808 330 829 ,
387 776 721 834 perlustrandae
780 777 927 817 animo
982 785 1129 834 partes
1188 783 1321 822 erunt

109 876 113 881 ,
163 849 332 885 omnes,
366 843 409 876 et
428 835 480 876 ad
498 835 566 884 id,
594 834 713 889 quod
734 842 899 890 agetur,
931 849 988 875 ex
1005 834 1189 891 singulis
1210 848 1322 875 con-

163 893 330 936 iectura
360 890 586 949 capienda.
647 892 725 932 Est
753 890 885 932 etiam
913 905 1048 946 genus
1078 906 1322 947 argumen-

166 959 313 992 torum
343 948 483 998 aliud,
521 947 636 1004 quod
669 962 727 989 ex
757 947 858 989 facti
889 948 1085 1004 vestigiis
1115 947 1323 999 sumitur,

165 1015 216 1049 ut
240 1005 406 1056 telum,
446 1020 578 1050 cruor
596 1037 606 1054 ,
637 1004 804 1046 clamor
835 1005 998 1057 editus,
1036 1007 1077 1054 2¹2*
1105 1005 1324 1056 titubatio,

166 1063 434 1122 permutatio
465 1061 645 1113 coloris,
677 1062 815 1103 oratio
846 1063 1110 1112 inconstans,
1142 1069 1325 1112 tremor,

168 1130 211 1163 et
239 1134 395 1162 eorum
423 1119 610 1174 ah'quid,
649 1119 766 1174 quod
797 1134 927 1160 sensu
963 1119 1131 1184 percipi
1162 1118 1326 1175 possit:

169 1177 337 1220 etiamsi
383 1183 697 1234 praeparatum
727 1175 914 1229 aliquid,
952 1192 987 1216 ει
1017 1175 1325 1217 communica-

168 1243 265 1277 tum
296 1249 399 1276 cum
427 1234 604 1288 aliquo,
646 1233 681 1273 si
709 1240 859 1287 postea
894 1232 1064 1282 visum,
1107 1231 1326 1281 auditum,

169 1291 429 1334 indicatum.
506 1289 775 1332 verisimilia
806 1296 950 1330 autem
980 1289 1140 1344 partim
1170 1288 1328 1344 singu-

169 1350 212 1391 la
241 1355 421 1389 movent
449 1362 527 1388 suo
558 1346 778 1403 pondere,
821 1347 1006 1402 partim,
1047 1345 1217 1387 etiamsi
1254 1345 1328 1385 vi-

170 1406 330 1447 dentur
370 1420 471 1446 esser
494 1406 655 1459 exigua
700 1418 782 1460 per
819 1418 887 1453 se,
938 1402 1128 1444 multum
1165 1411 1328 1453 tamen,

171 1475 311 1517 quum
340 1469 445 1502 sunt
472 1468 747 1508 coacervata,
786 1459 1040 1515 proficiunt.
1099 1459 1246 1514 Atque
1280 1458 1330 1499 in

171 1518 240 1559 his
280 1517 591 1560 verisimilibus
637 1517 789 1558 insunt
831 1530 1151 1570 nonnunquam
1191 1515 1327 1556 etiam

174 1582 317 1617 certae
352 1591 506 1617 rerum
542 1583 584 1616 et
627 1574 833 1631 propriae
872 1583 1013 1614 notae.
1079 1571 1331 1614 Maximam

173 1639 324 1673 autem
353 1631 456 1673 facit
483 1630 619 1674 fidem
652 1632 704 1672 ad
734 1630 1064 1671 similitudinem
1093 1628 1202 1679 veri,
1231 1629 1331 1685 pri-

172 1703 298 1731 mum
327 1689 613 1745 exemplum3
643 1687 800 1728 deinde
829 1686 1079 1728 introducta
1107 1687 1172 1727 rei
1202 1684 1330 1726 simi-

172 1746 334 1794 litud03
385 1744 529 1787 fabula
570 1746 700 1786 etiam
747 1757 1107 1798 nonnumquam,
1147 1742 1228 1785 etsi
1267 1748 1333 1784 est

173 1803 471 1855 incredibilis,
503 1810 650 1844 tamen
678 1801 880 1842 homines
913 1807 1176 1842 commovet.

263 1954 321 1983 133
347 1951 403 1976 aut
421 1947 501 1978 anni
523 1947 743 1989 tempora,'11t
764 1947 882 1989 hiems,
907 1958 980 1986 ver,
998 1953 1116 1987 aestas,
1140 1950 1336 1982 autumnus,

264 2001 350 2033 quae
367 1999 445 2022 sunt
462 1993 627 2025 naturalia
641 2006 646 2024 :
671 1994 814 2025 fortuita
829 2001 943 2026 autem
960 1992 1133 2032 sacrificia,
1156 1990 1236 2022 sesti
1253 1989 1337 2029 dies,

256 2035 417 2077 animine.
450 2080 456 2086 .
477 2037 695 2069 Vocabulum
720 2045 901 2083 tempestas
923 2044 988 2070 aut
1004 2036 1163 2082 spurium
1181 2041 1246 2077 est,
1271 2038 1336 2066 aul*

265 2087 353 2112 ante
371 2082 535 2115 sacrificia
548 2084 766 2127 ponendum.

227 2145 258 2188 ι)
283 2146 410 2180 cecidit
432 2148 520 2180 Em.
543 2151 725 2184 revocavit
745 2162 786 2183 ex
805 2151 858 2182 ed.
884 2151 971 2184 Ven.
992 2147 1100 2194 Vulg.
1116 2146 1255 2181 accidit.

222 2212 264 2255 ει)
288 2212 423 2246 auditus
452 2214 574 2259 Guelf.
