1394 2503
379 119 569 154 TOPICA.
615 118 716 154 CAP.
741 119 794 152 13.
821 120 874 153 14.
1145 118 1210 153 233

53 198 172 245 n‘ulla
201 207 329 243 esset.
386 198 471 241 Sed
502 199 622 241 locus
651 200 724 242 hic
753 198 892 255 magis
913 198 964 240 ad
986 199 1212 241 coniectu-

51 259 167 300 rales
201 272 373 306 causas,
417 271 530 312 quae
559 264 795 298 versantur
824 256 869 298 iu
898 255 1092 310 iudiciis,
1129 270 1214 296 va·-

50 316 134 357 let:
176 329 313 370 quum
346 313 595 369 quaeritur,
639 314 742 370 quid
779 321 851 354 aut
881 315 955 364 sit,
998 321 1073 354 aut
1107 329 1214 354 eve-

49 371 187 421 nerit,
217 379 293 413 aut
321 369 522 413 futurum
551 372 624 423 sit,
653 379 750 423 aut,
780 370 884 426 quid
916 370 1098 412 omnino
1129 369 1214 411 fie-

50 429 88 470 ri
118 429 265 485 possin
337 428 404 470 Ac
441 428 526 470 loci
557 428 733 484 quidem
773 428 909 484 ipsius
943 427 1086 468 forma
1115 426 1214 469 talis

50 493 127 528 est.
190 485 414 528 Admonet
441 494 590 527 autem
618 485 690 527 hic
715 486 860 537 locus,
890 493 940 525 ut
966 493 1215 541 quaeratur,

50 542 156 599 quid
187 550 289 584 ante
319 557 438 593 rem,
468 542 571 598 quid
602 558 705 585 cum
732 559 808 593 re,
855 542 960 596 quid
991 550 1090 599 post
1117 556 1214 586 rem

51 597 262 642 evenerit.
308 599 467 651 „Nihil
487 600 572 641 hoc
591 600 645 641 ad
666 616 743 642 uos
755 616 768 652 3
786 605 799 623 ¹
833 599 883 640 ad
905 599 1214 650 Ciceronem,“

49 657 248 712 inquibat
277 656 431 699 Gallus
461 663 636 706 noster,
682 657 717 698 si
756 656 853 712 quis
893 657 945 698 ad
984 671 1085 697 euin
1126 656 1215 697 tale

52 713 157 769 quid
189 714 422 765 retulerat,
475 720 523 754 ut
552 713 605 754 de
638 712 749 756 facto
786 722 1082 769 quaereretur.
1138 712 1215 753 Tu

51 779 202 812 tamen
229 769 435 827 patiere‚'
468 770 643 812 nullum
681 786 704 813 a
740 787 813 812 me
856 771 962 813 artis
992 769 1216 812 institutae

50 827 200 869 locum
229 825 483 883 praeteriri3
533 843 610 879 ne,
650 829 688 871 si
718 827 852 879 nihil,
892 827 979 870 nisi
1010 826 1128 882 quod
1158 826 1216 868 ad

49 893 93 927 te
125 884 365 940 pertineat,
409 883 692 928 scribendum
719 885 908 941 putaris,
952 884 1142 926 nimium
1173 892 1216 926 te

51 956 202 982 amare
231 940 420 982 videare.
476 942 557 983 Est
583 942 716 997 igitur
745 957 907 999 magna
925 957 983 982 ex
1002 950 1125 998 parte
1144 942 1214 983 lo-

52 1014 126 1039 cus
156 997 228 1038 hic
254 997 494 1049 oratorius,
526 1013 617 1039 non
646 1000 778 1040 modo
809 1014 901 1041 non
923 997 1215 1040 iurisconsul-

51 1063 226 1106 torum,
267 1053 342 1095 sed
373 1068 429 1095 ne
457 1054 826 1111 philosophorum
855 1055 1050 1111 quidem.
1095 1054 1217 1096 Ante

51 1126 149 1152 rem
178 1110 298 1152 enim
328 1120 624 1166 quaeruntur,
655 1127 764 1167 quae
795 1114 898 1155 talia
920 1120 1044 1165 sunt,
1076 1126 1216 1169 appa-

50 1175 196 1220 ratus,
235 1167 479 1222 colloquia,
518 1169 660 1221 locus,
703 1170 1016 1223 constitutum,
1059 1169 1216 1211 convi-

51 1225 194 1269 vium,
286 1224 403 1266 Cum
452 1240 502 1267 re
551 1234 724 1278 autem,
781 1227 948 1284 pedum
1001 1226 1215 1283 crepitus,

51 1281 262 1336 strepitus
292 1280 552 1332 hominum,
591 1298 829 1340 corporum
859 1284 1067 1334 umbrae,
1110 1291 1152 1324 et
1180 1283 1216 1324 si

52 1338 157 1393 quid
190 1337 421 1380 eiusmodi.
480 1338 544 1381 At
570 1348 673 1397 post
702 1357 818 1394 rem,
858 1341 1017 1390 rubor,
1055 1340 1215 1396 pallor,

51 1394 275 1444 titubatio,
320 1402 364 1436 et
396 1394 432 1436 si
470 1411 556 1451 qua
592 1397 679 1439 alia
708 1402 830 1455 signa
868 1397 1216 1439 conturbationis

53 1458 98 1492 et
119 1451 432 1494 eonscientiae:
468 1462 692 1508 praeterea
711 1456 942 1498 restinctus
965 1455 1088 1510 iguis,
1118 1453 1215 1509 gla-

52 1508 147 1549 dius
179 1515 410 1558 cruentus‚
457 1516 711 1566 ceteraque,
768 1527 880 1568 quae
920 1511 1216 1568 suspicionem

53 1564 157 1607 facti
186 1574 373 1622 possunt
411 1580 609 1611 movere.

139 1677 264 1722 XIV.
293 1679 515 1737 Deinceps
535 1688 600 1724 est
615 1681 735 1723 locus
755 1681 1085 1723 dialecticorum
1106 1695 1214 1736 pro-²

50 1734 179 1789 prius
208 1749 266 1775 ex
289 1740 677 1792 consequentibus,
707 1747 749 1780 et
775 1738 1144 1784 antecedentibus,
1176 1746 1218 1779 et

53 1791 426 1846 repugnantibus,
478 1795 553 1849 qui
593 1795 724 1838 etiam
756 1797 808 1838 ab
840 1795 1057 1837 adium—[is
1087 1794 1216 1847 longe

55 1846 255 1890 diversus
286 1856 362 1892 est.
425 1853 539 1893 Nam
559 1851 780 1905 adiuncta,
811 1852 863 1893 de
890 1853 1046 1908 quibus
1069 1851 1214 1909 paullo

54 1911 154 1945 ante
184 1904 350 1946 dictum
379 1915 460 1960 est,
500 1922 590 1950 non
619 1925 794 1967 semper
824 1909 1057 1952 eveniunt:
1109 1924 1216 1950 con-

105 2024 136 2067 1)
163 2026 277 2070 Vulgo
297 2027 385 2059 nihil
405 2028 473 2061 hoe
493 2030 535 2061 ad
559 2029 621 2062 ius.
668 2030 836 2062 Facetias
862 2037 979 2062 autem
1007 2029 1099 2061 dia-At
1123 2027 1216 2061 Cal-

56 2069 128 2103 lus:
159 2072 254 2105 Nihil
275 2073 340 2105 hoc
362 2073 403 2106 ad
420 2085 503 2113 110⁵,
541 2075 619 2108 scil.
647 2075 930 2109 iurisconsultm.
979 2078 1025 2108 Ji!
1049 2076 1100 2106 sic
1125 2086 1214 2118 quo-

54 2129 120 2161 que
141 2118 312 2150 Boethius
334 2118 459 2163 legisse
480 2121 631 2153 videtur.
677 2122 845 2164 Idemque
866 2123 966 2163 ress-nv
980 2122 1005 2152 il
1018 2122 1135 2153 t'z'ccro
1159 2119 1213 2150 Ιιῑέ»

53 2162 188 2214 verb-is,
223 2176 312 2207 quae
346 2173 563 2210 sequuntur:
610 2179 675 2209 ne,
702 2170 730 2202 si
761 2168 871 2207 ninii,
902 2168 966 2202 hini
988 2167 1082 2213 quud
1100 2165 1144 2201 20³1
1171 2176 1215 2201 TE

55 2215 237 2251 pertineat.
