1394 2503
141 120 211 157 25³
531 93 535 100 ’
598 113 855 155 emenonis

145 200 346 260 paullum
374 207 668 252 commutato,
696 200 743 242 in
768 201 991 255 quadrum
1021 201 1208 259 redigas,
1238 199 1312 244 ef-

144 258 320 301 ficiatur
348 265 503 315 aptum
531 257 666 311 illud,
703 257 823 314 quod
851 257 995 301 fuerat
1013 262 1028 282 ¹
1062 269 1190 301 antea
1220 257 1313 301 dif-

146 318 292 359 fluens
331 329 381 356 ac
420 315 629 356 solutum.
703 316 824 370 Age,
871 330 997 358 sume
1037 315 1091 357 de
1117 315 1308 359 Gracchi

148 373 265 431 apud
288 387 492 416 censores
507 372 638 414 illud:
682 370 852 415 Abesse
876 388 963 414 non
990 381 1156 429 potest,
1199 374 1310 430 quin

147 430 351 473 eiusdem
377 429 566 472 hominis
587 428 672 478 sit,
719 429 879 486 probos
909 428 1184 486 improbare,
1231 434 1311 487 qui

144 487 368 545 improbos
390 485 566 544 probet.
623 486 804 541 Quanto
834 487 996 544 aptius,
1025 488 1061 528 si
1084 488 1142 529 ita
1162 487 1308 530 dixis-

147 553 234 587 set:
273 545 385 602 quin
413 543 612 586 eiusdem
639 543 833 586 hominis
862 545 944 596 sit,
987 544 1065 601 qui
1089 543 1310 602 improbo-3

141 601 323 661 probet,
345 601 509 659 probos
536 600 819 658 improbare!
877 602 977 643 Hoc
1005 601 1138 644 modo
1165 601 1310 643 dicere

143 674 278 701 nemo
308 672 387 701 um
418 673 525 700 uam
554 658 722 700 noluit:
765 673 986 714 nemoque
1006 659 1148 716 potuit
1159 689 1171 708 ,
1198 658 1311 714 quin

144 716 324 759 dixerit.
383 673 477 770 &ui
498 724 643 758 autem
664 715 788 757 aliter
811 715 1043 767 dixerunt,
1072 714 1158 757 hoc
1186 730 1310 756 asse-

143 773 222 830 qui
247 788 339 816 non
365 780 618 829 potuerunt.
673 772 737 813 Ita
758 771 862 817 facti
882 780 984 814 sunt
1011 779 1193 828 repente
1222 771 1310 814 At-

140 831 228 874 tici.
286 830 430 886 Quasi
457 843 567 872 vero
597 829 853 871 Trallianus
880 829 1015 872 fuerit
1036 829 1310 872 Demosthe-

139 902 244 938 nes;
287 888 411 929 cuius
449 901 542 929 non
580 893 673 928 tam
711 886 945 930 vibrarent
978 886 1168 930 fulmina
1206 885 1306 939 illa,

140 944 228 988 nisi
257 942 454 987 numeris
482 950 683 986 contorta
713 941 951 987 ferrentur.

224 1053 396 1097 LXXI.
455 1051 541 1095 Sed
572 1053 608 1094 si
638 1068 747 1109 quos
776 1053 915 1109 magis
943 1053 1162 1096 delectant
1184 1052 1308 1096 solu-

140 1120 207 1163 ta,
243 1117 486 1166 sequantur
514 1124 566 1152 ea
593 1125 721 1157 sane,
739 1112 884 1152 ,modo
913 1111 994 1163 sic,
1024 1118 1086 1161 ut,
1117 1111 1153 1152 si
1175 1110 1306 1165 quis²

138 1166 319 1212 Phidiae
347 1167 555 1225 clypeum
578 1166 848 1219 dissolverit,
878 1165 1178 1209 collocationis
1198 1166 1308 1207 uni·-

138 1240 319 1267 versam
366 1224 558 1280 speciem
601 1223 845 1270 sustulerit,
894 1239 985 1266 non
1023 1223 1305 1279 singulorum

137 1296 326 1339 operum
357 1288 654 1330 venustatem3
695 1288 744 1322 ut
772 1281 821 1323 in
835 1279 1120 1336 Thucydide,
1150 1280 1306 1321 orbem

136 1339 270 1380 modo
300 1336 514 1379 orationis
553 1336 771 1384 desidero,
824 1345 1083 1379 ornamenta
1119 1350 1305 1393 compa-

136 1402 249 1438 rent.
307 1394 382 1437 Isti
411 1402 561 1436 autem
590 1410 727 1450 quum
757 1394 1002 1437 dissolvunt
1037 1393 1302 1442 orationem,

136 1453 185 1494 in
218 1466 304 1507 qua
331 1466 414 1493 nec
443 1466 539 1502 res,
580 1467 662 1493 nec
688 1451 878 1494 verbum
906 1452 1050 1494 ullum
1081 1458 1169 1503 est,
1216 1449 1303 1492 nisi

138 1510 382 1551 abiectum:
427 1523 520 1550 non
549 1508 779 1566 clypeum,
819 1509 919 1558 sed,
957 1516 1008 1550 ut
1035 1508 1082 1550 in
1111 1521 1303 1565 prover-

136 1566 209 1608 bio
229 1575 292 1608 est
318 1565 414 1621 (etsi
431 1564 638 1609 humilius
659 1566 836 1613 dictum,
855 1574 1003 1607 tamen
1016 1563 1265 1618 consimile)
1281 1565 1296 1591 ³

135 1636 288 1679 scopas
309 1627 330 1651 ⁴
360 1621 472 1664 mihi
500 1622 707 1665 videntur
730 1622 986 1666 dissolvere.
1043 1621 1216 1677 Atque,
1249 1627 1300 1662 ut

135 1680 265 1735 plane
292 1693 430 1736 genus
460 1677 568 1730 hoc,
616 1679 733 1735 quod
772 1696 852 1736 ego
884 1680 1041 1728 laudo,
1096 1686 1299 1720 contem-

133 1738 271 1792 psisse
300 1736 558 1786 videantur,
587 1744 665 1778 aut
692 1737 885 1780 scribant
914 1735 1083 1792 aliquid
1111 1735 1184 1777 vel
1199 1735 1300 1777 Iso-

133 1801 280 1835 crateo
299 1807 450 1846 more,
480 1793 552 1837 vel
575 1808 661 1850 quo
681 1794 922 1837 Aeschines
939 1801 1015 1836 aut
1031 1791 1298 1837 Demosthe-

179 1947 217 1991 ι)
244 1948 302 1980 Sic
326 1947 497 1982 Lamhin.
545 1945 717 1992 Plerique
735 1946 850 1982 suerit..

172 2014 207 2059 2)
234 2013 348 2060 Vulgo
370 2022 408 2047 ut
429 2014 516 2058 quis.

170 2079 205 2120 3)
229 2080 360 2113 Delevi
378 2089 428 2114 est
442 2087 527 2126 post
549 2081 680 2115 dictum
700 2086 735 2113 et
750 2086 836 2125 post
862 2073 1039 2113 consimile
1068 2077 1270 2123 repetitum.

168 2159 209 2201 4)
239 2159 355 2205 Vulgo
376 2160 525 2193 additur
554 2168 594 2195 ut
613 2162 659 2194 ita
682 2160 803 2193 dicam.
852 2157 898 2191 [a
922 2163 962 2190 ut
987 2156 1020 2189 h.
1042 2155 1064 2189 l.
1092 2156 1209 2201 plane
1228 2167 1291 2187 su<-

114 2205 296 2248 persluum
321 2205 446 2239 delei-1.
596 2223 598 2225 ·
