1394 2503
121 126 189 162 260
346 121 602 160 CICERONIS
630 120 848 158 ORATOR.
898 124 1001 158 CAP.
1024 136 1078 169 7²·

210 199 403 253 LXXII.
460 199 613 243 Habes
640 213 792 243 meum
822 201 877 243 de
896 209 1102 254 oratore,
1142 202 1300 252 Brute-3

124 258 368 312 iudicium:
399 257 518 314 quod
537 264 612 298 aut
633 273 832 313 sequere,
857 259 894 300 si
911 259 1194 316 probaverim
1222 266 1300 299 aut

126 325 201 359 tuo
233 313 389 365 stabis,
419 314 456 356 si
486 314 606 356 aliud
628 314 852 371 quoddam
872 325 935 357 est
956 323 1096 358 tuum.
1136 317 1186 358 In
1209 327 1300 371 quo

125 387 272 432 neque
290 370 507 427 ,pugnabo
537 378 709 423 tecum,
738 387 882 427 neque
910 372 995 414 hoc
1025 387 1201 420 meum,
1243 371 1299 411 de

126 442 214 487 quo
243 436 473 484 tantopere
502 428 586 470 hoc
625 430 740 471 libro
776 430 1047 482 asseveravi‚
1086 442 1300 483 umquam

126 486 365 529 affirmabo
407 499 501 528 esse
539 487 712 537 verius,
763 500 898 541 quam
940 495 1081 528 tuum.
1151 486 1307 528 Potest

127 543 250 587 enim
279 556 371 584 non
402 543 546 585 solum
576 541 694 586 aliud
723 543 863 592 mihi,
902 557 952 584 ac
978 542 1081 592 tibi,
1112 542 1185 584 sed
1205 541 1300 584 mi-

127 601 265 644 himet
286 604 300 624 ¹
343 599 430 656 ipsi
465 599 584 641 aliud
634 599 739 642 alias
779 600 946 652 videri3
1001 615 1082 642 nec
1125 600 1172 641 in
1218 599 1301 640 hac

126 657 263 701 modo
294 672 365 708 re,
410 671 522 713 quae
551 657 603 699 ad
633 658 753 714 vulgi
783 671 1013 700 assensum
1044 664 1228 712 spectat,
1259 661 1303 696 et

129 715 185 758 ad
216 715 724 771 aurium-voluptatem3
764 729 876 770 quae
899 713 984 755 duo
1015 720 1118 754 sunt
1147 711 1199 753 ad
1228 711 1302 753 iu·-

130 772 372 815 dicandum
421 771 681 825 novissima:
704 774 733 812 2,
770 770 844 811 sed
897 785 953 812 ne
997 771 1046 813 in
1089 769 1303 812 maximis
1328 773 1339 782 ‘'

131 827 310 887 quidem
340 827 472 870 rebus
503 828 747 884 quidquam
768 827 912 870 adhuc
934 826 1086 870 inveni
1108 825 1303 874 firmius,

132 885 252 943 quod
283 892 506 936 tenerem,
546 895 622 927 aut
651 899 740 939 quo
765 884 981 928 iudicium
1009 898 1164 926 meum
1193 882 1304 925 diri-

133 957 308 1001 gerem,
336 956 471 998 quam
492 942 559 994 id,
594 940 905 997 quodcumque
932 941 1043 983 mihi
1074 954 1208 996 quam
1240 939 1304 981 si-

132 1000 379 1043 millimum
419 998 517 1041 veri
556 999 802 1051 videretur,
846 1013 985 1054 quum
1014 999 1161 1055 ipsum
1190 995 1305 1039 illud

135 1071 298 1100 verum
326 1056 377 1098 in
404 1055 576 1098 occulto
603 1057 772 1098 lateret.
843 1056 917 1098 Tu
962 1063 1109 1097 autem
1148 1053 1318 1105 velim‚‘

137 1115 176 1157 si
203 1114 283 1156 tibi
307 1128 380 1166 ea,
417 1128 528 1168 quae
557 1112 778 1169 disputata
807 1121 930 1163 sunt,
960 1112 1108 1154 minus
1137 1110 1305 1166 proba-

137 1172 332 1222 buntur,
371 1178 422 1212 ut
449 1177 526 1211 aut
554 1172 698 1212 maius
729 1184 839 1225 opus
868 1169 1120 1210 institutum
1162 1174 1305 1222 putes,

139 1243 274 1284 quam
305 1226 420 1269 effici
459 1227 676 1282 potuerit,
720 1233 819 1272 aut,
867 1227 973 1266 dum
1011 1224 1090 1266 tibi
1128 1222 1304 1280 roganti

139 1284 362 1326 voluerim
391 1284 590 1339 obsequi,
636 1281 904 1325 verecundia
933 1280 1149 1336 negandi,
1192 1279 1304 1325 serie

142 1341 271 1384 bendi
299 1356 373 1383 me
413 1340 734 1397 impudentiam
775 1338 1029 1396 suscepisse.
1188 1363 1209 1369 -

191 1507 227 1551 ι)
252 1506 312 1540 Sic
339 1510 406 1541 Gu.
435 1509 468 1542 Ξ.
520 1509 635 1556 Vulgo
658 1510 744 1544 mihi
774 1508 850 1554 ipsi.

189 1587 225 1629 2)
250 1587 309 1620 Sic
328 1588 418 1622 Ern.
446 1600 464 1621 e
493 1590 574 1624 MS.
610 1590 682 1628 Vit,
712 1591 788 1625 edd.
822 1590 943 1625 Venaet.
974 1588 1074 1632 Lips.
1110 1584 1225 1633 Vulgo
1248 1585 1305 1620 le·-

150 1632 293 1667 vissima.
