<?xml version="1.0" encoding="UTF-8"?>
<!DOCTYPE html PUBLIC "-//W3C//DTD XHTML 1.0 Transitional//EN"
    "http://www.w3.org/TR/xhtml1/DTD/xhtml1-transitional.dtd">
<html xmlns="http://www.w3.org/1999/xhtml" xml:lang="en" lang="en">
 <head>
  <title>
</title>
<meta http-equiv="Content-Type" content="text/html;charset=utf-8" />
  <meta name='ocr-system' content='tesseract 3.04.00' />
  <meta name='ocr-capabilities' content='ocr_page ocr_carea ocr_par ocr_line ocrx_word'/>
</head>
<body>
  <div class='ocr_page' id='page_1' title='image "./operaquaesupers03ciceuoft/operaquaesupers03ciceuoft_0252.png"; bbox 0 0 1394 2503; ppageno 0'>
   <div class='ocr_carea' id='block_1_1' title="bbox 177 153 892 194">
    <p class='ocr_par' dir='ltr' id='par_1_1' title="bbox 177 153 892 194">
     <span class='ocr_line' id='line_1_1' title="bbox 177 153 892 194; baseline -0.004 -1"><span class='ocrx_word' id='word_1_1' title='bbox 177 158 247 194; x_wconf 55' lang='lat'><strong>§4⁴3</strong></span> <span class='ocrx_word' id='word_1_2' title='bbox 639 153 892 190; x_wconf 74' lang='lat' dir='ltr'>CICERONIS</span> 
     </span>
    </p>
   </div>
   <div class='ocr_carea' id='block_1_2' title="bbox 179 235 1350 1148">
    <p class='ocr_par' dir='ltr' id='par_1_2' title="bbox 179 235 1350 1148">
     <span class='ocr_line' id='line_1_2' title="bbox 179 235 1344 295; baseline 0.001 -17"><span class='ocrx_word' id='word_1_3' title='bbox 179 235 380 295; x_wconf 82' lang='lat' dir='ltr'><strong>pertinet,</strong></span> <span class='ocrx_word' id='word_1_4' title='bbox 404 245 492 291; x_wconf 77' lang='lat' dir='ltr'><strong>qua</strong></span> <span class='ocrx_word' id='word_1_5' title='bbox 510 235 679 277; x_wconf 85' lang='lat' dir='ltr'><strong>ratione</strong></span> <span class='ocrx_word' id='word_1_6' title='bbox 696 249 932 277; x_wconf 81' lang='lat' dir='ltr'><strong>numerosa</strong></span> <span class='ocrx_word' id='word_1_7' title='bbox 951 235 1028 278; x_wconf 84' lang='lat' dir='ltr'><strong>fiat</strong></span> <span class='ocrx_word' id='word_1_8' title='bbox 1049 237 1223 279; x_wconf 82' lang='lat' dir='ltr'><strong>oratio?</strong></span> <span class='ocrx_word' id='word_1_9' title='bbox 1253 237 1344 279; x_wconf 82' lang='lat' dir='ltr'><strong>Ex-</strong></span> 
     </span>
     <span class='ocr_line' id='line_1_3' title="bbox 180 292 1344 352; baseline 0.002 -18"><span class='ocrx_word' id='word_1_10' title='bbox 180 293 437 352; x_wconf 74' lang='lat' dir='ltr'><strong>piicandum</strong></span> <span class='ocrx_word' id='word_1_11' title='bbox 466 292 597 333; x_wconf 84' lang='lat' dir='ltr'><strong>etiam</strong></span> <span class='ocrx_word' id='word_1_12' title='bbox 627 299 711 341; x_wconf 86' lang='lat' dir='ltr'><strong>est,</strong></span> <span class='ocrx_word' id='word_1_13' title='bbox 741 292 857 333; x_wconf 89' lang='lat' dir='ltr'><strong>uude</strong></span> <span class='ocrx_word' id='word_1_14' title='bbox 877 301 972 335; x_wconf 85' lang='lat' dir='ltr'><strong>orta</strong></span> <span class='ocrx_word' id='word_1_15' title='bbox 996 296 1050 336; x_wconf 88' lang='lat' dir='ltr'><strong>sit</strong></span> <span class='ocrx_word' id='word_1_16' title='bbox 1069 294 1212 336; x_wconf 80' lang='lat' dir='ltr'><strong>forma</strong></span> <span class='ocrx_word' id='word_1_17' title='bbox 1235 309 1344 336; x_wconf 76' lang='lat' dir='ltr'><strong>ver-</strong></span> 
     </span>
     <span class='ocr_line' id='line_1_4' title="bbox 186 349 1345 405; baseline 0 -13"><span class='ocrx_word' id='word_1_18' title='bbox 186 354 364 393; x_wconf 87' lang='lat' dir='ltr'><strong>borum:</strong></span> <span class='ocrx_word' id='word_1_19' title='bbox 395 349 734 405; x_wconf 87' lang='lat' dir='ltr'><strong>dicendumque,</strong></span> <span class='ocrx_word' id='word_1_20' title='bbox 760 357 944 404; x_wconf 85' lang='lat' dir='ltr'><strong>quantos</strong></span> <span class='ocrx_word' id='word_1_21' title='bbox 969 351 1175 393; x_wconf 79' lang='lat' dir='ltr'>circuitus</span> <span class='ocrx_word' id='word_1_22' title='bbox 1199 350 1345 392; x_wconf 72' lang='lat' dir='ltr'><strong>facere</strong></span> 
     </span>
     <span class='ocr_line' id='line_1_5' title="bbox 184 406 1343 464; baseline 0 -15"><span class='ocrx_word' id='word_1_23' title='bbox 184 406 357 450; x_wconf 65' lang='lat' dir='ltr'><strong>deceat-4</strong></span> <span class='ocrx_word' id='word_1_24' title='bbox 396 407 539 461; x_wconf 85' lang='lat' dir='ltr'>deque</span> <span class='ocrx_word' id='word_1_25' title='bbox 568 420 724 447; x_wconf 87' lang='lat' dir='ltr'><strong>eorum</strong></span> <span class='ocrx_word' id='word_1_26' title='bbox 753 406 996 461; x_wconf 81' lang='lat' dir='ltr'>particulis,</span> <span class='ocrx_word' id='word_1_27' title='bbox 1035 415 1078 449; x_wconf 87' lang='lat' dir='ltr'><strong>et</strong></span> <span class='ocrx_word' id='word_1_28' title='bbox 1115 416 1343 464; x_wconf 85' lang='lat' dir='ltr'>tamquam</span> 
     </span>
     <span class='ocr_line' id='line_1_6' title="bbox 182 462 1345 528; baseline -0.003 -21"><span class='ocrx_word' id='word_1_29' title='bbox 182 462 468 507; x_wconf 82' lang='lat' dir='ltr'><strong>incisionibus</strong></span> <span class='ocrx_word' id='word_1_30' title='bbox 499 462 803 506; x_wconf 84' lang='lat' dir='ltr'><strong>disserendum</strong></span> <span class='ocrx_word' id='word_1_31' title='bbox 833 471 908 516; x_wconf 82' lang='lat' dir='ltr'><strong>est,</strong></span> <span class='ocrx_word' id='word_1_32' title='bbox 939 465 1345 528; x_wconf 82' lang='lat' dir='ltr'><strong>quaerendumque,</strong></span> 
     </span>
     <span class='ocr_line' id='line_1_7' title="bbox 183 519 1345 576; baseline -0.001 -12"><span class='ocrx_word' id='word_1_33' title='bbox 183 530 339 564; x_wconf 77' lang='lat' dir='ltr'><strong>utrum</strong></span> <span class='ocrx_word' id='word_1_34' title='bbox 369 531 460 562; x_wconf 84' lang='lat' dir='ltr'><strong>una</strong></span> <span class='ocrx_word' id='word_1_35' title='bbox 488 519 652 576; x_wconf 84' lang='lat' dir='ltr'><strong>species</strong></span> <span class='ocrx_word' id='word_1_36' title='bbox 683 527 725 561; x_wconf 87' lang='lat' dir='ltr'><strong>et</strong></span> <span class='ocrx_word' id='word_1_37' title='bbox 750 520 976 576; x_wconf 85' lang='lat' dir='ltr'>longitudo</span> <span class='ocrx_word' id='word_1_38' title='bbox 995 521 1050 562; x_wconf 87' lang='lat' dir='ltr'><strong>sit</strong></span> <span class='ocrx_word' id='word_1_39' title='bbox 1068 536 1234 574; x_wconf 86' lang='lat' dir='ltr'><strong>earum,</strong></span> <span class='ocrx_word' id='word_1_40' title='bbox 1270 525 1345 563; x_wconf 80' lang='lat' dir='ltr'><strong>au-</strong></span> 
     </span>
     <span class='ocr_line' id='line_1_8' title="bbox 184 576 1346 636; baseline -0.002 -15"><span class='ocrx_word' id='word_1_41' title='bbox 184 595 241 621; x_wconf 86' lang='lat' dir='ltr'><strong>ne</strong></span> <span class='ocrx_word' id='word_1_42' title='bbox 272 579 440 636; x_wconf 87' lang='lat' dir='ltr'><strong>plures:</strong></span> <span class='ocrx_word' id='word_1_43' title='bbox 472 585 527 630; x_wconf 88' lang='lat' dir='ltr'><strong>et,</strong></span> <span class='ocrx_word' id='word_1_44' title='bbox 556 577 591 619; x_wconf 89' lang='lat' dir='ltr'><strong>si</strong></span> <span class='ocrx_word' id='word_1_45' title='bbox 608 576 774 633; x_wconf 85' lang='lat' dir='ltr'><strong>plures,</strong></span> <span class='ocrx_word' id='word_1_46' title='bbox 805 592 891 632; x_wconf 90' lang='lat' dir='ltr'><strong>quo</strong></span> <span class='ocrx_word' id='word_1_47' title='bbox 913 577 1031 628; x_wconf 85' lang='lat' dir='ltr'><strong>loco,</strong></span> <span class='ocrx_word' id='word_1_48' title='bbox 1061 585 1135 619; x_wconf 86' lang='lat' dir='ltr'><strong>aut</strong></span> <span class='ocrx_word' id='word_1_49' title='bbox 1153 579 1346 634; x_wconf 88' lang='lat' dir='ltr'><strong>quando,</strong></span> 
     </span>
     <span class='ocr_line' id='line_1_9' title="bbox 186 633 1347 692; baseline 0 -15"><span class='ocrx_word' id='word_1_50' title='bbox 186 649 362 692; x_wconf 88' lang='lat' dir='ltr'><strong>quoque</strong></span> <span class='ocrx_word' id='word_1_51' title='bbox 390 647 550 690; x_wconf 84' lang='lat' dir='ltr'><strong>genere</strong></span> <span class='ocrx_word' id='word_1_52' title='bbox 579 633 644 675; x_wconf 85' lang='lat' dir='ltr'><strong>uti</strong></span> <span class='ocrx_word' id='word_1_53' title='bbox 673 635 911 690; x_wconf 78' lang='lat' dir='ltr'><strong>oporteat?</strong></span> <span class='ocrx_word' id='word_1_54' title='bbox 949 642 1176 690; x_wconf 85' lang='lat' dir='ltr'><strong>postremo</strong></span> <span class='ocrx_word' id='word_1_55' title='bbox 1217 636 1347 677; x_wconf 82' lang='lat' dir='ltr'><strong>totius</strong></span> 
     </span>
     <span class='ocr_line' id='line_1_10' title="bbox 186 691 1349 750; baseline 0 -17"><span class='ocrx_word' id='word_1_56' title='bbox 186 692 361 750; x_wconf 84' lang='lat' dir='ltr'><strong>generis</strong></span> <span class='ocrx_word' id='word_1_57' title='bbox 397 692 561 733; x_wconf 78' lang='lat' dir='ltr'><strong>utilitas</strong></span> <span class='ocrx_word' id='word_1_58' title='bbox 599 691 859 746; x_wconf 84' lang='lat' dir='ltr'><strong>explicanda</strong></span> <span class='ocrx_word' id='word_1_59' title='bbox 890 701 979 738; x_wconf 73' lang='lat' dir='ltr'><strong>est,</strong></span> <span class='ocrx_word' id='word_1_60' title='bbox 1022 705 1133 748; x_wconf 84' lang='lat' dir='ltr'><strong>quae</strong></span> <span class='ocrx_word' id='word_1_61' title='bbox 1171 691 1349 746; x_wconf 83' lang='lat' dir='ltr'><strong>quidem</strong></span> 
     </span>
     <span class='ocr_line' id='line_1_11' title="bbox 185 747 1347 808; baseline -0.003 -16"><span class='ocrx_word' id='word_1_62' title='bbox 185 757 305 808; x_wconf 87' lang='lat' dir='ltr'><strong>patet</strong></span> <span class='ocrx_word' id='word_1_63' title='bbox 333 748 476 791; x_wconf 88' lang='lat' dir='ltr'><strong>latius.</strong></span> <span class='ocrx_word' id='word_1_64' title='bbox 518 750 624 790; x_wconf 87' lang='lat' dir='ltr'><strong>Non</strong></span> <span class='ocrx_word' id='word_1_65' title='bbox 654 747 705 790; x_wconf 80' lang='lat' dir='ltr'><strong>ad</strong></span> <span class='ocrx_word' id='word_1_66' title='bbox 729 762 860 789; x_wconf 84' lang='lat' dir='ltr'><strong>unam</strong></span> <span class='ocrx_word' id='word_1_67' title='bbox 880 748 996 789; x_wconf 90' lang='lat' dir='ltr'><strong>enim</strong></span> <span class='ocrx_word' id='word_1_68' title='bbox 1021 764 1116 790; x_wconf 84' lang='lat' dir='ltr'><strong>rem</strong></span> <span class='ocrx_word' id='word_1_69' title='bbox 1140 749 1347 804; x_wconf 83' lang='lat' dir='ltr'>aliquam,</span> 
     </span>
     <span class='ocr_line' id='line_1_12' title="bbox 189 804 1350 863; baseline -0.003 -14"><span class='ocrx_word' id='word_1_70' title='bbox 189 806 264 849; x_wconf 84' lang='lat' dir='ltr'><strong>sed</strong></span> <span class='ocrx_word' id='word_1_71' title='bbox 295 805 347 846; x_wconf 83' lang='lat' dir='ltr'><strong>ad</strong></span> <span class='ocrx_word' id='word_1_72' title='bbox 377 807 526 863; x_wconf 86' lang='lat' dir='ltr'><strong>plures</strong></span> <span class='ocrx_word' id='word_1_73' title='bbox 545 806 917 847; x_wconf 80' lang='lat' dir='ltr'>accommodatur.</span> <span class='ocrx_word' id='word_1_74' title='bbox 977 804 1044 847; x_wconf 87' lang='lat' dir='ltr'><strong>Ac</strong></span> <span class='ocrx_word' id='word_1_75' title='bbox 1065 806 1161 847; x_wconf 87' lang='lat' dir='ltr'><strong>licet</strong></span> <span class='ocrx_word' id='word_1_76' title='bbox 1185 821 1273 847; x_wconf 91' lang='lat' dir='ltr'><strong>non</strong></span> <span class='ocrx_word' id='word_1_77' title='bbox 1294 806 1350 846; x_wconf 85' lang='lat' dir='ltr'><strong>ad</strong></span> 
     </span>
     <span class='ocr_line' id='line_1_13' title="bbox 188 861 1350 921; baseline -0.002 -15"><span class='ocrx_word' id='word_1_78' title='bbox 188 863 381 921; x_wconf 79' lang='lat' dir='ltr'><strong>singulas</strong></span> <span class='ocrx_word' id='word_1_79' title='bbox 410 877 481 904; x_wconf 85' lang='lat' dir='ltr'><strong>res</strong></span> <span class='ocrx_word' id='word_1_80' title='bbox 510 863 848 919; x_wconf 81' lang='lat' dir='ltr'><strong>respondentem</strong></span> <span class='ocrx_word' id='word_1_81' title='bbox 879 861 933 902; x_wconf 88' lang='lat' dir='ltr'><strong>de</strong></span> <span class='ocrx_word' id='word_1_82' title='bbox 961 863 1166 904; x_wconf 84' lang='lat' dir='ltr'><strong>universo</strong></span> <span class='ocrx_word' id='word_1_83' title='bbox 1188 877 1350 919; x_wconf 77' lang='lat' dir='ltr'><strong>genere</strong></span> 
     </span>
     <span class='ocr_line' id='line_1_14' title="bbox 190 919 1349 978; baseline -0.001 -16"><span class='ocrx_word' id='word_1_84' title='bbox 190 921 251 963; x_wconf 80' lang='lat' dir='ltr'><strong>sic</strong></span> <span class='ocrx_word' id='word_1_85' title='bbox 278 920 445 965; x_wconf 84' lang='lat' dir='ltr'><strong>dicere,</strong></span> <span class='ocrx_word' id='word_1_86' title='bbox 483 926 532 960; x_wconf 92' lang='lat' dir='ltr'><strong>ut</strong></span> <span class='ocrx_word' id='word_1_87' title='bbox 559 920 692 961; x_wconf 72' lang='lat' dir='ltr'><strong>etiam</strong></span> <span class='ocrx_word' id='word_1_88' title='bbox 731 919 912 975; x_wconf 82' lang='lat' dir='ltr'><strong>singulis</strong></span> <span class='ocrx_word' id='word_1_89' title='bbox 941 919 1045 960; x_wconf 79' lang='lat' dir='ltr'><strong>satis</strong></span> <span class='ocrx_word' id='word_1_90' title='bbox 1083 934 1349 978; x_wconf 84' lang='lat' dir='ltr'><strong>responsum</strong></span> 
     </span>
     <span class='ocr_line' id='line_1_15' title="bbox 189 975 1349 1033; baseline -0.001 -14"><span class='ocrx_word' id='word_1_91' title='bbox 189 993 283 1020; x_wconf 87' lang='lat' dir='ltr'><strong>esse</strong></span> <span class='ocrx_word' id='word_1_92' title='bbox 311 977 524 1018; x_wconf 89' lang='lat' dir='ltr'><strong>videatur.</strong></span> <span class='ocrx_word' id='word_1_93' title='bbox 578 975 772 1017; x_wconf 86' lang='lat' dir='ltr'><strong>Remotis</strong></span> <span class='ocrx_word' id='word_1_94' title='bbox 802 977 935 1033; x_wconf 85' lang='lat' dir='ltr'><strong>igitur</strong></span> <span class='ocrx_word' id='word_1_95' title='bbox 964 976 1142 1031; x_wconf 84' lang='lat' dir='ltr'><strong>reliquis</strong></span> <span class='ocrx_word' id='word_1_96' title='bbox 1173 976 1349 1030; x_wconf 82' lang='lat' dir='ltr'><strong>generi-</strong></span> 
     </span>
     <span class='ocr_line' id='line_1_16' title="bbox 188 1032 1350 1090; baseline -0.001 -14"><span class='ocrx_word' id='word_1_97' title='bbox 188 1035 271 1076; x_wconf 87' lang='lat' dir='ltr'><strong>bus</strong></span> <span class='ocrx_word' id='word_1_98' title='bbox 300 1048 444 1075; x_wconf 89' lang='lat' dir='ltr'><strong>unum</strong></span> <span class='ocrx_word' id='word_1_99' title='bbox 474 1033 728 1090; x_wconf 77' lang='lat' dir='ltr'><strong>selegimus,</strong></span> <span class='ocrx_word' id='word_1_100' title='bbox 760 1032 864 1083; x_wconf 89' lang='lat' dir='ltr'><strong>hoc,</strong></span> <span class='ocrx_word' id='word_1_101' title='bbox 896 1032 1010 1089; x_wconf 89' lang='lat' dir='ltr'><strong>quod</strong></span> <span class='ocrx_word' id='word_1_102' title='bbox 1040 1032 1087 1074; x_wconf 86' lang='lat' dir='ltr'><strong>in</strong></span> <span class='ocrx_word' id='word_1_103' title='bbox 1118 1033 1257 1076; x_wconf 80' lang='lat' dir='ltr'><strong>causis</strong></span> <span class='ocrx_word' id='word_1_104' title='bbox 1279 1032 1350 1076; x_wconf 89' lang='lat' dir='ltr'><strong>fo-</strong></span> 
     </span>
     <span class='ocr_line' id='line_1_17' title="bbox 190 1089 1076 1148; baseline 0.001 -15"><span class='ocrx_word' id='word_1_105' title='bbox 190 1106 332 1148; x_wconf 86' lang='lat' dir='ltr'><strong>roque</strong></span> <span class='ocrx_word' id='word_1_106' title='bbox 359 1098 586 1143; x_wconf 80' lang='lat' dir='ltr'><strong>versatur,</strong></span> <span class='ocrx_word' id='word_1_107' title='bbox 618 1089 671 1130; x_wconf 86' lang='lat' dir='ltr'><strong>de</strong></span> <span class='ocrx_word' id='word_1_108' title='bbox 700 1103 785 1146; x_wconf 88' lang='lat' dir='ltr'><strong>quo</strong></span> <span class='ocrx_word' id='word_1_109' title='bbox 816 1090 1076 1134; x_wconf 82' lang='lat' dir='ltr'><strong>diceremus.</strong></span> 
     </span>
    </p>
   </div>
   <div class='ocr_carea' id='block_1_3' title="bbox 190 1200 1354 2279">
    <p class='ocr_par' dir='ltr' id='par_1_3' title="bbox 190 1200 1354 2171">
     <span class='ocr_line' id='line_1_18' title="bbox 277 1200 1350 1261; baseline -0.006 -14"><span class='ocrx_word' id='word_1_110' title='bbox 277 1205 419 1248; x_wconf 74' lang='lat' dir='ltr'>LXII.</span> <span class='ocrx_word' id='word_1_111' title='bbox 477 1205 596 1261; x_wconf 82' lang='lat' dir='ltr'><strong>Ergo</strong></span> <span class='ocrx_word' id='word_1_112' title='bbox 625 1203 673 1245; x_wconf 86' lang='lat' dir='ltr'><strong>in</strong></span> <span class='ocrx_word' id='word_1_113' title='bbox 703 1200 822 1251; x_wconf 88' lang='lat' dir='ltr'><strong>aliis,</strong></span> <span class='ocrx_word' id='word_1_114' title='bbox 864 1202 910 1244; x_wconf 87' lang='lat' dir='ltr'><strong>id</strong></span> <span class='ocrx_word' id='word_1_115' title='bbox 942 1211 1029 1253; x_wconf 91' lang='lat' dir='ltr'><strong>est,</strong></span> <span class='ocrx_word' id='word_1_116' title='bbox 1075 1202 1121 1243; x_wconf 86' lang='lat' dir='ltr'><strong>in</strong></span> <span class='ocrx_word' id='word_1_117' title='bbox 1153 1201 1350 1250; x_wconf 83' lang='lat' dir='ltr'><strong>historia,</strong></span> 
     </span>
     <span class='ocr_line' id='line_1_19' title="bbox 192 1255 1352 1317; baseline -0.005 -12"><span class='ocrx_word' id='word_1_118' title='bbox 192 1270 235 1305; x_wconf 89' lang='lat' dir='ltr'><strong>et</strong></span> <span class='ocrx_word' id='word_1_119' title='bbox 263 1263 311 1304; x_wconf 91' lang='lat' dir='ltr'><strong>in</strong></span> <span class='ocrx_word' id='word_1_120' title='bbox 342 1277 418 1309; x_wconf 84' lang='lat' dir='ltr'><strong>e0,</strong></span> <span class='ocrx_word' id='word_1_121' title='bbox 447 1262 563 1316; x_wconf 91' lang='lat' dir='ltr'><strong>quod</strong></span> <span class='ocrx_word' id='word_1_122' title='bbox 593 1260 864 1317; x_wconf 82' lang='lat' dir='ltr'><strong>appellamus</strong></span> <span class='ocrx_word' id='word_1_123' title='bbox 893 1255 1181 1308; x_wconf 70' lang='grc' dir='ltr'><strong><em>ἐπιδεικτικὸν,</em></strong></span> <span class='ocrx_word' id='word_1_124' title='bbox 1209 1260 1352 1316; x_wconf 83' lang='lat' dir='ltr'><strong>placet</strong></span> 
     </span>
     <span class='ocr_line' id='line_1_20' title="bbox 192 1317 1353 1373; baseline -0.005 -11"><span class='ocrx_word' id='word_1_125' title='bbox 192 1319 343 1362; x_wconf 85' lang='lat' dir='ltr'><strong>omnia</strong></span> <span class='ocrx_word' id='word_1_126' title='bbox 379 1317 465 1359; x_wconf 89' lang='lat' dir='ltr'><strong>dici</strong></span> <span class='ocrx_word' id='word_1_127' title='bbox 503 1318 718 1359; x_wconf 82' lang='lat' dir='ltr'><strong>Isocrateo</strong></span> <span class='ocrx_word' id='word_1_128' title='bbox 759 1318 1165 1373; x_wconf 83' lang='lat' dir='ltr'><strong>Theopompeoque</strong></span> <span class='ocrx_word' id='word_1_129' title='bbox 1216 1330 1353 1363; x_wconf 87' lang='lat' dir='ltr'><strong>more,</strong></span> 
     </span>
     <span class='ocr_line' id='line_1_21' title="bbox 190 1373 1352 1429; baseline -0.005 -11"><span class='ocrx_word' id='word_1_130' title='bbox 190 1377 271 1418; x_wconf 81' lang='lat' dir='ltr'><strong>illa</strong></span> <span class='ocrx_word' id='word_1_131' title='bbox 297 1374 704 1429; x_wconf 81' lang='lat' dir='ltr'><strong>circumscriptione</strong></span> <span class='ocrx_word' id='word_1_132' title='bbox 733 1373 1015 1429; x_wconf 79' lang='lat' dir='ltr'><strong>ambituque,</strong></span> <span class='ocrx_word' id='word_1_133' title='bbox 1047 1380 1095 1414; x_wconf 91' lang='lat' dir='ltr'><strong>ut</strong></span> <span class='ocrx_word' id='word_1_134' title='bbox 1123 1379 1352 1428; x_wconf 72' lang='lat' dir='ltr'><strong>tamquam</strong></span> 
     </span>
     <span class='ocr_line' id='line_1_22' title="bbox 191 1429 1354 1486; baseline -0.003 -11"><span class='ocrx_word' id='word_1_135' title='bbox 191 1434 240 1475; x_wconf 86' lang='lat' dir='ltr'><strong>in</strong></span> <span class='ocrx_word' id='word_1_136' title='bbox 269 1431 374 1474; x_wconf 87' lang='lat' dir='ltr'><strong>orbe</strong></span> <span class='ocrx_word' id='word_1_137' title='bbox 404 1431 570 1472; x_wconf 82' lang='lat' dir='ltr'><strong>inclusa</strong></span> <span class='ocrx_word' id='word_1_138' title='bbox 599 1438 750 1473; x_wconf 83' lang='lat' dir='ltr'><strong>currat</strong></span> <span class='ocrx_word' id='word_1_139' title='bbox 786 1431 953 1479; x_wconf 83' lang='lat' dir='ltr'><strong>oratio,</strong></span> <span class='ocrx_word' id='word_1_140' title='bbox 1000 1429 1142 1486; x_wconf 85' lang='lat' dir='ltr'><strong>quoad</strong></span> <span class='ocrx_word' id='word_1_141' title='bbox 1183 1430 1354 1472; x_wconf 83' lang='lat' dir='ltr'><strong>insistat</strong></span> 
     </span>
     <span class='ocr_line' id='line_1_23' title="bbox 190 1486 1352 1544; baseline -0.003 -13"><span class='ocrx_word' id='word_1_142' title='bbox 190 1490 242 1531; x_wconf 87' lang='lat' dir='ltr'><strong>in</strong></span> <span class='ocrx_word' id='word_1_143' title='bbox 283 1488 465 1543; x_wconf 72' lang='lat' dir='ltr'><strong>singulis</strong></span> <span class='ocrx_word' id='word_1_144' title='bbox 508 1487 714 1544; x_wconf 85' lang='lat' dir='ltr'><strong>perfectis</strong></span> <span class='ocrx_word' id='word_1_145' title='bbox 765 1487 1062 1542; x_wconf 84' lang='lat' dir='ltr'><strong>absolutisque</strong></span> <span class='ocrx_word' id='word_1_146' title='bbox 1109 1486 1352 1528; x_wconf 79' lang='lat' dir='ltr'><strong>sententiis.</strong></span> 
     </span>
     <span class='ocr_line' id='line_1_24' title="bbox 191 1543 1354 1603; baseline -0.004 -15"><span class='ocrx_word' id='word_1_147' title='bbox 191 1547 341 1601; x_wconf 83' lang='lat' dir='ltr'><strong>Itaque</strong></span> <span class='ocrx_word' id='word_1_148' title='bbox 370 1551 657 1603; x_wconf 61' lang='lat' dir='ltr'><strong>posteaquam</strong></span> <span class='ocrx_word' id='word_1_149' title='bbox 686 1553 749 1586; x_wconf 87' lang='lat' dir='ltr'><strong>est</strong></span> <span class='ocrx_word' id='word_1_150' title='bbox 780 1553 882 1585; x_wconf 72' lang='lat' dir='ltr'><strong>nata</strong></span> <span class='ocrx_word' id='word_1_151' title='bbox 915 1545 1024 1585; x_wconf 84' lang='lat' dir='ltr'><strong>haec</strong></span> <span class='ocrx_word' id='word_1_152' title='bbox 1054 1543 1125 1584; x_wconf 88' lang='lat' dir='ltr'><strong>vel</strong></span> <span class='ocrx_word' id='word_1_153' title='bbox 1154 1544 1354 1585; x_wconf 85' lang='lat' dir='ltr'><strong>circum-</strong></span> 
     </span>
     <span class='ocr_line' id='line_1_25' title="bbox 192 1599 1353 1658; baseline -0.004 -12"><span class='ocrx_word' id='word_1_154' title='bbox 192 1603 383 1658; x_wconf 79' lang='lat' dir='ltr'><strong>scriptio,</strong></span> <span class='ocrx_word' id='word_1_155' title='bbox 413 1601 485 1645; x_wconf 83' lang='lat' dir='ltr'><strong>vel</strong></span> <span class='ocrx_word' id='word_1_156' title='bbox 507 1601 854 1658; x_wconf 79' lang='lat' dir='ltr'><strong>comprehensio,</strong></span> <span class='ocrx_word' id='word_1_157' title='bbox 878 1601 947 1642; x_wconf 92' lang='lat' dir='ltr'><strong>vel</strong></span> <span class='ocrx_word' id='word_1_158' title='bbox 968 1599 1255 1649; x_wconf 82' lang='lat' dir='ltr'><strong>continuatio,</strong></span> <span class='ocrx_word' id='word_1_159' title='bbox 1279 1599 1353 1641; x_wconf 81' lang='lat' dir='ltr'><strong>vel</strong></span> 
     </span>
     <span class='ocr_line' id='line_1_26' title="bbox 193 1656 1353 1712; baseline -0.005 -10"><span class='ocrx_word' id='word_1_160' title='bbox 193 1661 406 1710; x_wconf 52' lang='lat' dir='ltr'><strong>ambitus»,</strong></span> <span class='ocrx_word' id='word_1_161' title='bbox 438 1660 472 1700; x_wconf 83' lang='lat' dir='ltr'><strong>si</strong></span> <span class='ocrx_word' id='word_1_162' title='bbox 502 1659 563 1700; x_wconf 85' lang='lat' dir='ltr'><strong>ita</strong></span> <span class='ocrx_word' id='word_1_163' title='bbox 593 1660 692 1701; x_wconf 88' lang='lat' dir='ltr'><strong>licet</strong></span> <span class='ocrx_word' id='word_1_164' title='bbox 721 1658 886 1699; x_wconf 85' lang='lat' dir='ltr'><strong>dicere:</strong></span> <span class='ocrx_word' id='word_1_165' title='bbox 916 1671 1073 1705; x_wconf 85' lang='lat' dir='ltr'><strong>nemo,</strong></span> <span class='ocrx_word' id='word_1_166' title='bbox 1102 1658 1176 1712; x_wconf 90' lang='lat' dir='ltr'><strong>qui</strong></span> <span class='ocrx_word' id='word_1_167' title='bbox 1204 1656 1353 1710; x_wconf 82' lang='lat' dir='ltr'><strong>aliquo</strong></span> 
     </span>
     <span class='ocr_line' id='line_1_27' title="bbox 195 1713 1352 1770; baseline -0.004 -11"><span class='ocrx_word' id='word_1_168' title='bbox 195 1724 307 1759; x_wconf 85' lang='lat' dir='ltr'><strong>esset</strong></span> <span class='ocrx_word' id='word_1_169' title='bbox 323 1716 582 1765; x_wconf 78' lang='lat' dir='ltr'><strong>innumero,</strong></span> <span class='ocrx_word' id='word_1_170' title='bbox 603 1715 768 1770; x_wconf 83' lang='lat' dir='ltr'><strong>scripsit</strong></span> <span class='ocrx_word' id='word_1_171' title='bbox 792 1714 1037 1756; x_wconf 79' lang='lat' dir='ltr'><strong>orationem</strong></span> <span class='ocrx_word' id='word_1_172' title='bbox 1050 1714 1221 1768; x_wconf 73' lang='lat' dir='ltr'><strong>generis</strong></span> <span class='ocrx_word' id='word_1_173' title='bbox 1242 1713 1352 1763; x_wconf 88' lang='lat' dir='ltr'><strong>eius,</strong></span> 
     </span>
     <span class='ocr_line' id='line_1_28' title="bbox 194 1772 1352 1831; baseline -0.003 -17"><span class='ocrx_word' id='word_1_174' title='bbox 194 1773 311 1831; x_wconf 83' lang='lat' dir='ltr'><strong>quod</strong></span> <span class='ocrx_word' id='word_1_175' title='bbox 342 1780 454 1814; x_wconf 87' lang='lat' dir='ltr'><strong>esset</strong></span> <span class='ocrx_word' id='word_1_176' title='bbox 481 1774 533 1814; x_wconf 86' lang='lat' dir='ltr'><strong>ad</strong></span> <span class='ocrx_word' id='word_1_177' title='bbox 565 1772 895 1814; x_wconf 81' lang='lat' dir='ltr'><strong>delectationem</strong></span> <span class='ocrx_word' id='word_1_178' title='bbox 924 1777 1243 1826; x_wconf 80' lang='lat' dir='ltr'><strong>comparatum,</strong></span> <span class='ocrx_word' id='word_1_179' title='bbox 1275 1785 1352 1811; x_wconf 85' lang='lat' dir='ltr'><strong>re-</strong></span> 
     </span>
     <span class='ocr_line' id='line_1_29' title="bbox 193 1826 1352 1884; baseline -0.003 -12"><span class='ocrx_word' id='word_1_180' title='bbox 193 1839 454 1884; x_wconf 86' lang='lat' dir='ltr'><strong>motumque</strong></span> <span class='ocrx_word' id='word_1_181' title='bbox 473 1845 497 1870; x_wconf 90' lang='lat' dir='ltr'><strong>a</strong></span> <span class='ocrx_word' id='word_1_182' title='bbox 516 1828 686 1871; x_wconf 82' lang='lat' dir='ltr'><strong>iudiciis</strong></span> <span class='ocrx_word' id='word_1_183' title='bbox 698 1826 949 1883; x_wconf 84' lang='lat' dir='ltr'><strong>forensique</strong></span> <span class='ocrx_word' id='word_1_184' title='bbox 969 1827 1218 1877; x_wconf 79' lang='lat' dir='ltr'><strong>certamine,</strong></span> <span class='ocrx_word' id='word_1_185' title='bbox 1243 1826 1352 1881; x_wconf 86' lang='lat' dir='ltr'><strong>quin</strong></span> 
     </span>
     <span class='ocr_line' id='line_1_30' title="bbox 191 1885 1352 1942; baseline -0.005 -13"><span class='ocrx_word' id='word_1_186' title='bbox 191 1886 411 1942; x_wconf 77' lang='lat' dir='ltr'><strong>redigeret</strong></span> <span class='ocrx_word' id='word_1_187' title='bbox 440 1898 593 1927; x_wconf 78' lang='lat' dir='ltr'><strong>omnes</strong></span> <span class='ocrx_word' id='word_1_188' title='bbox 635 1885 726 1927; x_wconf 83' lang='lat' dir='ltr'><strong>fere</strong></span> <span class='ocrx_word' id='word_1_189' title='bbox 754 1885 800 1926; x_wconf 87' lang='lat' dir='ltr'><strong>in</strong></span> <span class='ocrx_word' id='word_1_190' title='bbox 833 1886 1052 1939; x_wconf 79' lang='lat' dir='ltr'><strong>quadrum</strong></span> <span class='ocrx_word' id='word_1_191' title='bbox 1085 1898 1352 1925; x_wconf 88' lang='lat' dir='ltr'><strong>numerum-</strong></span> 
     </span>
     <span class='ocr_line' id='line_1_31' title="bbox 193 1940 1354 2000; baseline -0.003 -15"><span class='ocrx_word' id='word_1_192' title='bbox 193 1959 278 2000; x_wconf 87' lang='lat' dir='ltr'><strong>que</strong></span> <span class='ocrx_word' id='word_1_193' title='bbox 308 1945 558 1986; x_wconf 77' lang='lat' dir='ltr'><strong>sententias.</strong></span> <span class='ocrx_word' id='word_1_194' title='bbox 617 1945 736 1986; x_wconf 79' lang='lat' dir='ltr'><strong>Nam</strong></span> <span class='ocrx_word' id='word_1_195' title='bbox 763 1951 902 1997; x_wconf 86' lang='lat' dir='ltr'><strong>quu&#39;m</strong></span> <span class='ocrx_word' id='word_1_196' title='bbox 924 1942 957 1983; x_wconf 88' lang='lat' dir='ltr'><strong>is</strong></span> <span class='ocrx_word' id='word_1_197' title='bbox 979 1949 1041 1983; x_wconf 89' lang='lat' dir='ltr'><strong>est</strong></span> <span class='ocrx_word' id='word_1_198' title='bbox 1060 1941 1246 1989; x_wconf 78' lang='lat' dir='ltr'><strong>auditor,</strong></span> <span class='ocrx_word' id='word_1_199' title='bbox 1277 1940 1354 1994; x_wconf 82' lang='lat' dir='ltr'><strong>qui</strong></span> 
     </span>
     <span class='ocr_line' id='line_1_32' title="bbox 192 1997 1354 2054; baseline -0.006 -10"><span class='ocrx_word' id='word_1_200' title='bbox 192 2015 283 2044; x_wconf 87' lang='lat' dir='ltr'><strong>non</strong></span> <span class='ocrx_word' id='word_1_201' title='bbox 314 2009 539 2046; x_wconf 70' lang='lat' dir='ltr'><strong>vert-atur,</strong></span> <span class='ocrx_word' id='word_1_202' title='bbox 571 2015 627 2041; x_wconf 84' lang='lat' dir='ltr'><strong>ne.</strong></span> <span class='ocrx_word' id='word_1_203' title='bbox 653 2001 919 2054; x_wconf 79' lang='lat' dir='ltr'><strong>compositae</strong></span> <span class='ocrx_word' id='word_1_204' title='bbox 947 1997 1151 2039; x_wconf 84' lang='lat' dir='ltr'><strong>orationis</strong></span> <span class='ocrx_word' id='word_1_205' title='bbox 1181 1997 1354 2038; x_wconf 84' lang='lat' dir='ltr'><strong>insidiis</strong></span> 
     </span>
     <span class='ocr_line' id='line_1_33' title="bbox 193 2055 1353 2111; baseline -0.003 -12"><span class='ocrx_word' id='word_1_206' title='bbox 193 2073 273 2099; x_wconf 82' lang='lat' dir='ltr'><strong>sua</strong></span> <span class='ocrx_word' id='word_1_207' title='bbox 292 2056 399 2097; x_wconf 82' lang='lat' dir='ltr'><strong>fides</strong></span> <span class='ocrx_word' id='word_1_208' title='bbox 416 2064 666 2108; x_wconf 71' lang='lat' dir='ltr'><strong>attentetur,</strong></span> <span class='ocrx_word' id='word_1_209' title='bbox 697 2055 884 2111; x_wconf 78' lang='lat' dir='ltr'><strong>gratiam</strong></span> <span class='ocrx_word' id='word_1_210' title='bbox 905 2068 1080 2111; x_wconf 85' lang='lat' dir='ltr'><strong>quoque</strong></span> <span class='ocrx_word' id='word_1_211' title='bbox 1097 2055 1228 2096; x_wconf 89' lang='lat' dir='ltr'><strong>habet</strong></span> <span class='ocrx_word' id='word_1_212' title='bbox 1252 2068 1353 2096; x_wconf 84' lang='lat' dir='ltr'><strong>ora-</strong></span> 
     </span>
     <span class='ocr_line' id='line_1_34' title="bbox 191 2113 1021 2171; baseline -0.004 -14"><span class='ocrx_word' id='word_1_213' title='bbox 191 2113 302 2159; x_wconf 76' lang='lat' dir='ltr'><strong>tori,</strong></span> <span class='ocrx_word' id='word_1_214' title='bbox 333 2115 547 2171; x_wconf 80' lang='lat' dir='ltr'><strong>voluptati</strong></span> <span class='ocrx_word' id='word_1_215' title='bbox 577 2113 754 2156; x_wconf 83' lang='lat' dir='ltr'><strong>aui-ium</strong></span> <span class='ocrx_word' id='word_1_216' title='bbox 795 2113 1021 2154; x_wconf 84' lang='lat' dir='ltr'><strong>servienti.</strong></span> 
     </span>
    </p>

    <p class='ocr_par' dir='ltr' id='par_1_4' title="bbox 192 2169 1354 2279">
     <span class='ocr_line' id='line_1_35' title="bbox 278 2169 1353 2223; baseline -0.005 -11"><span class='ocrx_word' id='word_1_217' title='bbox 278 2171 430 2213; x_wconf 79' lang='lat' dir='ltr'><strong>Genus</strong></span> <span class='ocrx_word' id='word_1_218' title='bbox 460 2178 608 2212; x_wconf 84' lang='lat' dir='ltr'><strong>autem</strong></span> <span class='ocrx_word' id='word_1_219' title='bbox 651 2170 734 2212; x_wconf 87' lang='lat' dir='ltr'><strong>hoc</strong></span> <span class='ocrx_word' id='word_1_220' title='bbox 775 2169 984 2211; x_wconf 82' lang='lat' dir='ltr'><strong>orationis</strong></span> <span class='ocrx_word' id='word_1_221' title='bbox 1026 2183 1169 2223; x_wconf 83' lang='lat' dir='ltr'><strong>neque</strong></span> <span class='ocrx_word' id='word_1_222' title='bbox 1208 2175 1353 2209; x_wconf 84' lang='lat' dir='ltr'><strong>totum</strong></span> 
     </span>
     <span class='ocr_line' id='line_1_36' title="bbox 192 2224 1354 2279; baseline -0.004 -10"><span class='ocrx_word' id='word_1_223' title='bbox 192 2228 508 2271; x_wconf 73' lang='lat' dir='ltr'><strong>assumendum</strong></span> <span class='ocrx_word' id='word_1_224' title='bbox 543 2227 610 2274; x_wconf 69' lang='lat' dir='ltr'><strong>est</strong></span> <span class='ocrx_word' id='word_1_225' title='bbox 647 2227 702 2273; x_wconf 75' lang='lat' dir='ltr'><strong>ad</strong></span> <span class='ocrx_word' id='word_1_226' title='bbox 747 2241 899 2272; x_wconf 80' lang='lat' dir='ltr'><strong>causas</strong></span> <span class='ocrx_word' id='word_1_227' title='bbox 944 2224 1165 2277; x_wconf 79' lang='lat' dir='ltr'><strong>forenses,</strong></span> <span class='ocrx_word' id='word_1_228' title='bbox 1209 2238 1354 2279; x_wconf 76' lang='lat' dir='ltr'><strong>neque</strong></span> 
     </span>
    </p>
   </div>
  </div>
 </body>
</html>
