1394 2503
205 153 533 197 PARTITIONES,
558 152 850 186 ORATORIAE.
898 154 999 188 CAP.
1039 154 1090 190 14,
1159 156 1225 199 529

157 234 213 278 F.
242 232 380 276 Plane
399 232 519 273 :istud
552 231 700 286 ipsum
730 230 939 272 desidero.

156 292 213 334 P.
251 290 329 331 Est
358 303 462 344 ergo
494 288 570 343 (ut
598 302 731 343 supra
762 288 924 329 dietum
959 287 1044 342 est)
1077 286 1227 343 expli-

59 348 185 392 ‘catio
217 345 489 404 argumenti,
529 346 875 398 argumentatio:
907 346 980 386 sed
1007 360 1057 386 ea
1086 343 1228 386 confi-

75 407 198 454 citur,
229 419 369 460 quum
383 402 623 458 sumpseris
643 408 717 443 aut
740 416 830 443 non
854 401 1000 451 dubia,
1023 409 1099 442 aut
1118 416 1228 457 pro-

74 462 258 514 babilia,
294 476 351 502 ex
383 460 539 516 quibus
585 458 628 499 id
660 458 840 503 efficias,
881 460 994 513 quod
1035 467 1109 499 aut
1140 459 1229 499 du?-

75 520 225 569 bium,
275 524 350 559 aut
387 517 533 558 minus
572 515 797 571 probabile
836 530 915 571 per
954 531 999 555 se
1037 516 1229 559 videtur.-

75 573 428 632 Argumentandi
468 580 612 613 autem
652 572 738 612 duo
768 581 867 613 sunt
898 586 1075 628 genera,
1116 583 1230 627 quo·-

77 648 182 676 rum
213 633 397 672 alterum
441 629 496 671 ad
526 629 658 670 fidem
691 629 855 671 directo
887 636 1077 684 spectat3
1119 629 1231 671 alte-

76 705 179 732 rum
210 704 255 730 se
283 687 463 729 inflectit
491 686 545 728 ad
574 693 760 727 motum.
821 686 1062 741 Dirigitur,
1095 701 1232 741 quum

78 745 311 804 proposuit
321 742 499 798 aliquid,
513 745 628 798 quod
643 744 865 798 probaret,
881 744 1155 799 sumpsitque
1167 751 1233 791 ea,

81 804 239 859 quibus
298 801 535 843 niteretur:
570 804 584 822 ¹
638 807 774 853 atque
823 799 890 841 his
951 800 1235 850 confirmatis,

81 861 135 902 ad
182 859 458 916 propositum
508 871 555 897 se
603 856 776 908 retulit,
832 863 962 915 atque
1010 857 1235 898 conclusit.

80 918 159 963 Illa
197 924 344 957 autem
382 915 518 955 altera
557 914 902 969 argumentatio,
949 915 1081 968 quasi*
1116 923 1234 955 retro

81 981 125 1016 et
154 981 321 1023 contra,
351 971 475 1027 prius
505 971 650 1021 sumit,
679 984 790 1024 quae
817 971 938 1021 vult,
969 985 1105 1024 eaque
1136 985 1237 1011 con-

82 1030 255 1073 firmat:
295 1027 450 1070 deinde
487 1026 558 1079 id,
597 1026 712 1081 quod
756 1026 1098 1082 proponendum
1136 1027 1236 1079 suit,

83 1086 296 1144 permotis
354 1083 514 1126 animis
567 1083 668 1124 iacit
724 1084 776 1124 ad
836 1093 1099 1133 extremum.
1158 1085 1240 1126 Est

84 1144 216 1187 etiam
245 1146 267 1166 2
305 1142 378 1183 illa
404 1141 589 1182 varietas
618 1140 664 1181 in
684 1141 1043 1197 argumentando,
1075 1141 1240 1182 et-non

82 1200 320 1244 iniucunda
350 1197 591 1239 distinctio:
624 1204 698 1243 ut,
738 1212 879 1252 quum
915 1198 1238 1253 interrogamus

82 1255 366 1311 nosmetipsi,
379 1259 394 1284 3
407 1261 480 1295 aut
487 1261 816 1310 percontamur,
827 1261 901 1295 aut
909 1254 1240 1310 imploramusff*

85 1322 163 1356 aut
198 1322 400 1369 optamus
417 1343 430 1364 ,
466 1325 578 1366 quae
617 1318 721 1352 sunt
749 1326 852 1352 cum
879 1312 973 1352 aliis
997 1311 1242 1367 compluri—

84 1371 167 1413 bus
206 1369 522 1411 sententiarum
566 1375 836 1410 ornamenta.
894 1368 1050 1411 Vitare
1093 1375 1244 1409 autem

85 1425 421 1469 similitudinem
450 1424 717 1480 poterimus,
756 1440 846 1465 non
875 1439 1050 1480 semper
1078 1439 1102 1465 a
1130 1439 1243 1481 pro-

84 1484 227 1541 posito
258 1481 503 1525 ordientes-»2
549 1489 591 1522 et
621 1480 655 1521 si
685 1495 773 1521 non
804 1481 952 1521 omnia
982 1482 1242 1536 disputando

87 1538 458 1589 confirmabimus,
483 1538 499 1566 ⁵
540 1536 823 1593 breviterque
851 1537 1101 1590 interdum,
1132 1552 1243 1594 quae

137 1735 175 1780 ι)
198 1737 257 1769 Sic
277 1738 366 1770 Ern.
384 1751 402 1771 e
422 1741 495 1773 Ms.
512 1737 590 1771 ErL
614 1736 728 1784 Vulgo
751 1745 919 1774 uteretur.

134 1802 176 1845 2)
200 1801 259 1834 Sic
275 1804 348 1835 Ms.
367 1804 444 1840 Erl.
465 1807 518 1838 ed.
543 1807 629 1838 Ven.
680 1804 794 1850 Vulgo
813 1812 864 1838 est
882 1812 1008 1839 autem-

137 1868 172 1911 5)
206 1866 320 1912 Vulgo
345 1878 480 1903 nosmet
505 1871 611 1914 ipsos.
657 1872 745 1904 Ern.
771 1872 869 1904 dedit
888 1877 1022 1905 nosmet
1041 1869 1127 1913 ipsi,
1153 1869 1247 1914 quod

181 1913 218 1946 h.
239 1913 261 1945 l.
286 1915 407 1957 aptius
436 1923 506 1955 est,
542 1916 607 1948 lzoc
627 1927 752 1949 sensu:
776 1929 879 1960 quum
900 1929 972 1951 non
996 1922 1244 1958 exspectamus,

183 1959 297 1992 donec
313 1960 396 1993 alius
416 1973 481 1994 nos
501 1962 710 2006 interroget,
741 1963 802 1995 sed
819 1963 885 2006 ipsi
903 1975 967 1995 nos
987 1962 1249 2004 interrogamus.

137 2024 178 2067 4)
204 2024 262 2057 Sic
279 2027 523 2071 IIeusingerus
538 2028 741 2060 emendavit
759 2028 808 2061 ad
829 2029 897 2062 Cic.
926 2027 997 2071 Off]
1008 2029 1086 2060 III.
1115 2039 1166 2067 10,
1193 2026 1248 2059 16.

184 2069 266 2102 coll.
292 2072 393 2103 Orat.
412 2076 466 2106 40.
483 2073 568 2105 etde
589 2075 688 2106 Orat.
707 2076 786 2107 III.
810 2075 865 2107 53.
914 2073 1028 2118 Vulgo
1040 2075 1247 2115 imperamus

177 2127 309 2160 parum
328 2124 424 2161 apte,

143 2181 182 2225 5)
207 2182 265 2214 Sic
291 2184 379 2215 Ern.
408 2194 426 2215 e
458 2185 529 2217 Ms.
550 2183 629 2218 Erl.
660 2184 711 2217 ed.
735 2184 823 2219 Ven.
870 2184 986 2230 Vulgo
1014 2181 1249 2216 confirmando

189 2227 448 2271 disputabimus.
789 2239 797 2250 ⁸
