1394 2503
386 179 603 215 ORATOR.
661 179 762 214 CAP.
788 179 845 214 45.
869 180 926 214 44.
1174 180 1244 215 215

77 259 355 302 dissimulare
385 273 476 301 non
506 260 630 312 sinit,
658 259 782 317 ‘quin
819 258 1028 306 delecter,
1062 261 1079 282 ³
1145 257 1241 300 sive

60 325 203 358 *tuum
239 317 432 359 studium
472 316 556 358 hoc
595 332 622 357 a
651 330 723 357 me
752 317 966 358 volumen
997 316 1238 371 expressit:

73 381 220 416 tamen
248 374 330 426 eis,
360 389 468 429 quos
492 373 840 430 reprehensuros
859 373 1126 429 suspicabar,
1156 373 1242 415 ali-

73 429 175 486 quid
206 430 565 487 respondendum
594 431 692 472 fuit.
722 432 744 453 ²
803 430 936 485 Quod
961 430 999 471 si
1029 444 1099 480 ea,
1130 445 1242 487 quae

74 487 195 539 dixi,
224 502 315 528 non
345 488 407 528 ita
437 496 600 530 essent:
649 487 744 542 quis
777 495 927 529 tamen
957 502 1004 528 se
1032 495 1122 528 tam
1153 486 1240 528 du-

74 559 177 587 rum
219 553 524 601 agrestemque
564 544 814 602 praeberet,
855 545 932 599 qui
972 543 1087 585 hanc
1126 543 1240 585 mihi

73 616 166 643 non
199 600 321 643 daret
349 603 551 655 veniam,
590 609 661 652 ut,
713 615 850 656 quum
880 616 1005 642 meae
1036 600 1239 643 forenses

74 665 213 707 artes,
246 665 289 699 et
328 657 519 699 actiones
560 658 758 715 publicae
799 659 1111 711 concidissent,
1145 672 1239 699 non

73 728 148 756 me
176 722 251 755 aut
292 715 505 763 desidiae,
562 714 678 771 quod
719 714 866 757 facere
905 730 993 758 non
1039 730 1242 773 possum,

74 778 151 813 aut
178 771 446 822 moestitiae,
487 772 558 813 cui
588 773 773 824 resisto,
806 771 975 829 potiuS‚
1015 787 1149 828 quam
1179 772 1240 812 li-

73 826 192 879 teris,
222 828 461 870 dederem?
490 844 600 884 quae
630 829 810 885 quidem
838 845 912 871 me
942 838 1067 871 antea
1098 830 1145 871 in
1164 829 1241 870 iu-

74 885 188 926 dicia
216 892 345 940 atque
373 886 416 926 in
438 887 607 927 curiam
639 886 933 936 deducebant,
963 901 1083 928 nunc
1113 886 1240 927 oble-

75 949 194 983 ctant
233 942 373 994 domi,
413 946 428 970 ³
473 957 555 983 nec
592 958 701 984 vero
740 944 896 993 talibus
926 943 1061 985 modo
1089 943 1239 990 rebus,

76 998 224 1054 quales
263 997 333 1039 hic
371 997 484 1040 liber
530 1000 743 1050 continet,
787 1000 861 1041 sed
910 1000 1052 1042 multo
1099 999 1236 1042 etiam

75 1054 352 1110 gravioribus
383 1063 425 1095 et
454 1055 721 1105 maioribus3
760 1070 873 1111 quae
901 1057 938 1098 si
968 1065 1100 1098 erunt
1128 1071 1236 1112 per-

74 1111 239 1162 fectae,
287 1110 486 1167 profecto
535 1112 784 1154 forensibus
830 1113 990 1154 nostris
1027 1117 1049 1141 ⁴
1101 1113 1237 1154 etiam

76 1167 336 1208 domesticae
365 1167 519 1209 literae
548 1169 891 1224 respondebunt.
964 1168 1050 1212 Sed
1079 1169 1134 1212 ad
1161 1169 1238 1212 in·-

75 1224 271 1267 stitutam
301 1223 643 1281 disputationem
670 1234 964 1269 revertamur.

188 1337 358 1381 XLIV.
399 1337 746 1382 collocabuntur
761 1340 894 1395 igitur
907 1339 1066 1389 verba,
1093 1347 1146 1381 ut
1163 1348 1239 1382 aut

75 1394 194 1438 inter
231 1410 277 1436 se
313 1409 447 1450 quam
487 1397 710 1454 aptissime
747 1397 1010 1441 cohaereant
1039 1405 1239 1438 extrema.

78 1467 179 1494 cum
215 1451 370 1506 primis
383 1484 395 1503 ,
427 1453 441 1479 ⁵
495 1468 630 1508 eaque
667 1454 756 1495 sint
794 1469 926 1509 quam
965 1454 1237 1495 suavissimis

77 1508 285 1559 vocibus3
342 1515 417 1549 aut
463 1516 514 1551 ut
558 1508 701 1557 forma
747 1511 843 1570 ipsa
879 1509 1238 1568 concinnitasque

128 1716 161 1760 ι)
182 1718 270 1750 Ενη.
293 1719 383 1751 coni.
401 1719 483 1763 quid
500 1719 661 1754 delectet.
709 1718 842 1753 Melius
858 1719 896 1753 id
916 1729 985 1763 quo
1004 1718 1170 1753 delecter.

128 1782 164 1825 2)
188 1782 301 1826 Vulgo
320 1795 405 1826 quos
422 1785 550 1830 aliquid
567 1786 841 1830 reprehensuros
857 1786 1069 1831 suspicabar,
1082 1797 1238 1831 respon-

85 1826 237 1860 dendum
260 1827 336 1861 fuit.

128 1914 164 1956 5)
186 1913 300 1959 Vulgo
317 1916 369 1948 sic
388 1916 679 1961 interpungitur:
695 1917 800 1950 domi.
846 1918 920 1952 Nec
931 1930 1026 1953 vero,
1059 1920 1113 1953 At
1126 1920 1163 1952 ῐη
1173 1931 1240 1953 nec

81 1971 169 1994 'vero
191 1979 236 1986 —
260 1962 383 2003 rebus,
410 1962 631 2007 intelligitur
652 1975 694 1995 ex
712 1964 1004 1997 antecedentibus
1030 1965 1218 1998 oblectant.

131 2047 166 2089 4)
182 2049 272 2080 Post
301 2049 429 2082 nostris
459 2049 607 2083 additur
638 2051 742 2084 rebus
750 2064 763 2090 ,-
807 2051 901 2095 quod
923 2050 1101 2096 glossema
1132 2053 1245 2096 sapit:

88 2093 221 2125 Sensus
239 2094 331 2125 enim
351 2101 425 2126 est:
443 2095 554 2129 literis
569 2097 775 2137 iou-ensibus,
799 2098 824 2129 i.
851 2109 879 2130 e.
905 2096 1128 2130 orationibus
1148 2109 1171 2128 a
1188 2108 1244 2131 me

88 2138 215 2179 editis,
238 2139 499 2183 respondebunt
521 2140 607 2173 libri
621 2141 876 2187 philosophici.

99 2249 106 2255 ¹
135 2203 174 2245 5)
194 2204 334 2236 Forsan
350 2203 538 2256 'legendum
554 2219 631 2240 eum
649 2209 867 2254 sequentibus
877 2208 1006 2254 primis,
1025 2207 1250 2255 sicutpaullo

91 2248 206 2294 arista,
228 2254 263 2281 et
285 2251 439 2295 Quzntil.
456 2254 528 2287 IX.
549 2254 591 2294 4,
617 2254 672 2288 33.
