1394 2503
189 153 224 187 S.
251 152 316 186 DE
340 149 507 185 CLARIS
533 148 842 185 ORATORIBUS
868 148 970 184 CAP.
994 151 1050 186 24.
1077 149 1133 186 25.
1198 152 1245 190 43

49 284 52 286 q
90 232 294 291 gloriam,
337 245 521 287 eamque
559 230 693 273 etiam
716 230 946 277 ‚maiorem
986 229 1134 272 visum
1172 229 1245 283 iri,

91 291 128 334 si
155 290 212 332 in'
230 288 579 331 existimantium
601 287 855 339 arbitrium,
882 303 960 329 sua
980 289 1139 343 scripta
1155 301 1249 328 non

92 346 343 401 venerium)
373 345 492 394 alios,
526 345 638 401 quod
668 344 828 386 melius
856 352 1017 400 putent
1036 345 1184 386 dicere
1201 358 1248 385 se

91 418 244 461 posse,
273 418 406 459 quam
433 401 646 443 scribere:
674 402 789 457 quod
818 401 1133 458 peringeniosis
1161 401 1250 443 ho·—

93 461 307 512 minibus,
349 473 491 515 neque
519 459 620 500 satis
650 458 808 506 doctis,
845 458 1107 515 plerumque
1137 473 1252 500 con-

93 518 242 573 tingit,
275 521 290 540 ¹
337 526 384 559 ut
423 516 507 572 ipsi
536 515 715 558 Galbae.
794 515 944 571 Quem
973 517 1155 557 tortasse
1182 514 1252 556 vis

95 589 188 616 non
217 573 385 629 ingenii
414 575 569 623 solum,
599 573 671 613 sed
701 572 833 614 etiam
862 573 1013 623 animi,
1045 579 1086 613 et
1120 580 1253 613 natu-

94 632 199 673 ralis
228 631 406 686 quidam
437 629 564 670 dolor
583 632 604 652 2
631 629 848 671 dicentem
873 629 1148 681 incendebat,
1181 628 1253 671 ef-

95 687 377 743 ficiebatque,
406 693 457 726 ut
485 693 527 726 et
554 685 757 732 incitata,
789 694 831 728 et
851 687 1021 741 gravis,
1051 695 1094 728 et
1115 686 1253 728 vehe-

97 759 224 786 mens
244 752 364 785 *es-set
393 742 557 785 oratio:
600 742 700 784 dein
737 757 877 798 quum
907 745 1070 784 otiosus
1099 743 1254 787 stilum

96 801 401 858 prehendet-at,
428 808 663 854 motusque
683 800 826 841 omnis
846 800 997 849 animi,
1026 808 1254 855 tamquam

96 865 255 900 ventus
277 857 505 899 hominem
528 856 762 905 defecerat,
792 856 1068 899 flaccescebat
1087 857 1253 900 oratio:

99 914 216 971 quod
259 914 335 965 iis,
393 915 468 968 qui
508 914 698 955 limatius
738 914 911 956 dicendi
951 922 1256 957 consectantur

99 986 262 1028 genus,
311 971 508 1012 accidere
547 984 638 1012 non
678 971 811 1022 solet,
862 979 1093 1028 propterea
1136 970 1257 1027 quod

99 1027 332 1084 prudentia
360 1042 604 1082 numquam
630 1025 774 1068 deficit
796 1037 1038 1079 oratorem,
1069 1043 1156 1083 qua
1184 1028 1258 1071 ille

101 1093 227 1127 utens
247 1085 401 1126 eodem
421 1084 550 1125 modo
568 1085 709 1140 possit
738 1092 779 1126 et
808 1083 955 1125 dicere
985 1095 1025 1127 et
1045 1085 1257 1132 scribere;

102 1141 236 1183 ardor
272 1141 412 1183 animi
440 1156 529 1182 non
567 1155 746 1197 semper
783 1141 920 1192 adest,
965 1142 1091 1197 isque
1119 1156 1257 1197 quum

102 1197 320 1250 consedit,
352 1198 495 1239 omnis
526 1197 597 1239 illa
625 1200 692 1238 vis
723 1207 764 1240 et
795 1199 917 1253 quasi
943 1198 1123 1240 flamma
1153 1214 1259 1240 ora-

103 1257 209 1298 toris
256 1255 564 1310 exstinguitur.
639 1255 768 1296 Hanc
810 1255 946 1311 igitur
988 1257 1043 1297 ob
1085 1270 1262 1299 causam

102 1310 276 1354 videtur
305 1312 450 1353 Laelii
480 1327 601 1354 mens
633 1313 799 1368 spirare
827 1311 960 1354 etiam
988 1313 1036 1354 in
1072 1314 1261 1371 scriptis,

106 1368 272 1413 Galbae
300 1378 448 1411 autem
475 1368 541 1410 vis
571 1369 793 1412 occidisse.
824 1371 839 1396 ³

190 1481 341 1525 XXV.
381 1482 582 1525 Fuerunt
606 1483 736 1526 etiam
755 1483 804 1525 in
824 1489 1052 1524 oratorum
1071 1496 1262 1525 numero

105 1538 398 1580 mediocrium
426 1540 480 1581 L.
504 1548 546 1580 et
576 1540 649 1596 Sp.
671 1539 903 1590 Mummii,
936 1538 1116 1590 fratres,
1149 1554 1264 1595 quo-

105 1610 208 1636 rum
229 1603 404 1638 exstant
422 1598 655 1638 amborum
675 1597 917 1644 orationes3
946 1596 1138 1652 simplex
1160 1597 1263 1652 qui-

107 1652 210 1693 dem
247 1652 302 1694 L.
344 1660 386 1694 et
427 1655 653 1709 antiquus;
707 1654 780 1711 Sp.
821 1662 969 1695 autem
1008 1652 1147 1695 nihilo
1188 1654 1265 1696 ille

109 1708 287 1762 quidem
318 1711 537 1752 ornatior.
573 1711 644 1752 sed
677 1717 820 1752 tamen
851 1710 1108 1753 adstrictior.
1159 1710 1196 1752 F
1202 1710 1266 1752 uit

110 1765 231 1805 enirn
254 1765 404 1807 doctus
423 1783 475 1808 ex
499 1767 725 1822 disciplina
745 1767 767 1791 ⁴
789 1766 1054 1808 Stoicorum.
1094 1766 1267 1808 Multae

112 1828 215 1862 sunt
243 1822 316 1878 Sp.
345 1822 498 1866 Albini
535 1824 768 1866 orationes.
826 1825 940 1866 Sunt
976 1824 1108 1866 etiam
1137 1824 1191 1865 L.
1223 1831 1267 1866 et

158 1963 190 2005 1)
213 1965 276 1995 Ita
305 1966 394 1998 Em.
423 1977 441 1998 e
465 1968 536 1999 Ms.
550 1968 642 2010 Reg.
663 1965 768 2012 Vulg.
787 1967 943 2008 contigit.

156 2018 190 2060 2)
217 2019 418 2054 Wetzelius
442 2034 460 2053 e
480 2022 687 2054 Sclznez'u'en'
714 2025 918 2056 coniectura
944 2024 1079 2055 edidit:
1102 2025 1267 2057 naturalis

114 2063 252 2106 quidam
278 2066 384 2098 calor.
440 2068 511 2099 Sed
543 2068 729 2110 vulgatum
767 2069 853 2101 bene
884 2068 1046 2114 defendit
1072 2071 1104 2103 Ι.
1136 2071 1172 2102 C.
1201 2069 1266 2104 Th.

112 2109 298 2143 Ernestius
318 2112 356 2144 in
383 2114 471 2145 Lex.
500 2113 653 2160 geclmul.
682 2117 767 2149 Lat.
793 2116 883 2150 rhet.
904 2127 944 2161 p.
975 2114 1051 2148 546.

157 2164 194 2204 5)
223 2168 288 2199 Gn.
311 2180 342 2201 ι.
363 2169 538 2202 cecidisse.

156 2220 189 2264 4ἰ)
214 2221 336 2257 doctus
364 2224 545 2270 disciplina
577 2226 696 2270 Guelf.
726 2236 756 2261 x.
