1394 2503
144 139 213 180 268
597 137 850 174 CICERONIS

144 217 248 260 dem
277 215 387 258 'mihi
413 216 585 260 liceret:
625 223 675 258 ut
704 215 807 257 veni
836 216 1039 269 Veliam,
1070 228 1235 275 tuaque
1265 227 1311 264 ck

143 282 243 316 t-uos
272 274 388 326 vidi,
417 270 666 314 admonitus
696 272 828 315 huius
859 275 970 317 aeris
997 275 1151 328 alieni,
1183 275 1310 320 nolui.

145 331 297 374 deesse
341 345 400 373 ne
447 330 601 371 tacitae
656 330 834 385 quidem
856 338 859 339 ’
885 330 1142 387 flagitationi
1192 340 1309 375 tuaeae

144 388 298 444 Itaque
329 387 457 436 haec,
504 401 642 442 quum
682 401 857 428 mecum
886 387 1020 429 libros
1048 404 1138 430 non
1168 389 1309 432 habe-

143 453 267 495 rem,
308 443 525 486 memoria
556 443 765 500 repetita,
812 444 859 485 in
897 444 1310 501 ipsanavigatione

145 501 416 558 conscripsi,
463 500 628 556 tibique
665 516 723 542 ex
749 501 920 543 itinere
957 502 1082 543 misi:
1125 510 1175 544 ut
1209 506 1310 546 mea

146 558 371 615 diligentia
416 557 728 600 mandatorum
770 565 978 610 tuorum,
1030 567 1074 600 te
1113 559 1309 615 quoque,

145 618 229 657 etsi
261 615 538 660 admonitore
566 630 656 655 non
687 629 785 669 eges
795 647 806 666 ,
837 616 891 657 ad
926 616 1193 658 memoriam
1211 631 1312 664 no·-

143 681 338 718 sti-arum
368 686 519 714 rerum
557 672 809 712 excitarem.
888 672 973 713 Sed
1009 673 1097 714 iam
1135 681 1310 731 tempus

144 738 211 772 est
240 730 296 773 ad
330 729 397 779 id,
437 728 556 785 quod
586 729 877 782 instituimus,
915 729 1136 772 accedere.

228 842 280 886 II.
339 842 495 900 Quum
527 843 671 885 omnis
712 843 822 884 ratio
854 842 1039 900 diligens
1069 844 1311 888 disserendi

139 899 253 943 'duas
275 900 433 942 habeat
452 908 624 957 partes:
655 914 791 941 unam
813 899 1094 949 inveniendi,
1125 903 1313 944 alteram

143 957 386 1001 iudicandi:
436 957 930 1014 utriusqueprincePS,
983 966 1030 999 ut
1070 958 1179 1001 mihi
1209 958 1312 1015 qui-

143 1015 247 1057 dem
275 1014 473 1062 videtur,
515 1012 774 1056 Aristoteles
815 1014 913 1056 fuit.
990 1015 1123 1057 Stoici
1160 1012 1312 1058 autem

141 1071 189 1115 in
221 1072 355 1113 altera
385 1071 735 1113 elaboraverunt.
791 1071 1018 1113 Iudicandi
1049 1074 1169 1114 enim
1193 1072 1312 1116 viam

142 1129 376 1186 diligenter
413 1128 632 1184 persecuti
672 1135 798 1179 sunt,
845 1143 943 1169 eam
964 1132 980 1153 ¹
1021 1143 1155 1183 quam
1195 1129 1312 1172 Dia-

140 1186 328 1228 lecticen
375 1185 612 1242 appellant.
689 1184 952 1226 Inveniendi
997 1200 1104 1226 vero
1152 1192 1311 1235 artem,

138 1257 263 1299 quae*
284 1243 455 1298 Topice
486 1241 668 1294 dicitur,
708 1255 906 1296 quaeque
929 1240 983 1281 ad
1011 1256 1141 1284 usum
1162 1242 1311 1299 potior

143 1308 261 1348 erat,
293 1306 336 1340 et
366 1299 520 1340 ordine
549 1305 728 1339 naturae
757 1304 875 1339 certe
901 1297 1047 1353 prior,
1078 1307 1217 1341 totam
1239 1312 1312 1340 re-

140 1356 381 1412 liquerunt.
447 1357 544 1398 Nos
582 1364 756 1406 autem,
804 1354 1014 1409 quoniam
1044 1356 1089 1397 in
1119 1362 1311 1410 utr'aquo

139 1427 321 1456 summa
347 1412 509 1454 utilitas
530 1419 619 1460 est,
649 1419 690 1453 et
710 1418 963 1466 utramque,
994 1412 1030 1454 si
1050 1413 1136 1455 crit
1156 1413 1313 1463 otium,

142 1469 355 1529 persequi
395 1469 657 1524 cogitamus,
705 1467 760 1510 ab
798 1483 871 1520 ea,
919 1483 1032 1524 quae
1069 1470 1195 1526 prior
1215 1475 1313 1525 est,

141 1526 387 1571 ordiemur.
448 1525 510 1569 Ut
537 1524 672 1581 igitur
694 1540 848 1566 earum
870 1541 1036 1576 rerum,
1069 1541 1179 1582 quae
1208 1526 1315 1567 abs-

140 1584 345 1626 conditae
395 1591 520 1635 sunt,
567 1582 866 1624 demonstrato
911 1592 955 1625 et
996 1591 1146 1625 notato
1193 1582 1311 1633 loco,

141 1640 283 1683 facilis
322 1639 521 1683 inventio
560 1647 644 1681 est:
702 1639 786 1691 sic,
831 1654 969 1694 quum
1010 1639 1310 1696 pervestigare

140 1706 454 1752 argumentum
483 1694 657 1751 aliquod
683 1695 911 1743 volumus,
942 1696 1058 1738 locos
1079 1711 1206 1739 nosse
1227 1695 1311 1737 de-

141 1755 322 1797 bemus:
355 1755 416 1796 sic
447 1754 566 1796 enim
595 1753 835 1810 appellatae
861 1753 914 1794 ab
935 1752 1178 1795 Aristotele
1207 1759 1313 1794 sunt

139 1812 226 1854 hae
272 1812 396 1867 quasi
444 1809 586 1858 sedes,
632 1825 655 1850 e
694 1809 852 1864 quibus
901 1818 1165 1866 argumenta
1204 1823 1303 1865 prot

140 1876 345 1911 muntur.
403 1868 556 1923 Itaque
579 1867 679 1909 licet
699 1865 908 1919 definire,
938 1868 1087 1912 locum
1111 1882 1204 1909 esse
1234 1880 1314 1908 ar-

142 1924 342 1980 gumenti
374 1925 546 1966 sedem:
589 1931 914 1980 argumentum
952 1932 1124 1974 autem,
1172 1920 1316 1969 ratio-

144 1997 275 2034 nem,
318 1996 430 2038 quae
465 1982 532 2024 rei
561 1980 713 2024 dubiae
754 1979 882 2023 faciat
907 1979 1056 2030 fidem.

193 2180 233 2223 1)
259 2180 376 2226 Vulgo
393 2182 464 2214 vias
482 2200 528 2210 -·-
552 2192 590 2215 ea
610 2179 767 2220 scientia,
793 2190 895 2225 quam
912 2177 1007 2212 Dial.
1030 2175 1219 2222 appellant.
1264 2172 1317 2208 Bt

143 2236 221 2262 em
239 2238 340 2271 quam
357 2227 488 2273 legitur
506 2229 544 2261 in
574 2228 651 2262 edd.
677 2228 767 2263 Ven-
793 2226 890 2261 Med.
916 2226 1016 2261 lunt.
