<?xml version="1.0" encoding="UTF-8"?>
<!DOCTYPE html PUBLIC "-//W3C//DTD XHTML 1.0 Transitional//EN"
    "http://www.w3.org/TR/xhtml1/DTD/xhtml1-transitional.dtd">
<html xmlns="http://www.w3.org/1999/xhtml" xml:lang="en" lang="en">
 <head>
  <title>
</title>
<meta http-equiv="Content-Type" content="text/html;charset=utf-8" />
  <meta name='ocr-system' content='tesseract 3.04.00' />
  <meta name='ocr-capabilities' content='ocr_page ocr_carea ocr_par ocr_line ocrx_word'/>
</head>
<body>
  <div class='ocr_page' id='page_1' title='image "./operaquaesupers03ciceuoft/operaquaesupers03ciceuoft_0304.png"; bbox 0 0 1394 2503; ppageno 0'>
   <div class='ocr_carea' id='block_1_1' title="bbox 111 97 819 169">
    <p class='ocr_par' dir='ltr' id='par_1_1' title="bbox 111 97 819 169">
     <span class='ocr_line' id='line_1_1' title="bbox 111 97 819 169; baseline 0 -12"><span class='ocrx_word' id='word_1_1' title='bbox 111 122 175 169; x_wconf 65' lang='lat'><strong>20¹5</strong></span> <span class='ocrx_word' id='word_1_2' title='bbox 209 97 220 99; x_wconf 43' lang='lat'><strong>⁴</strong></span> <span class='ocrx_word' id='word_1_3' title='bbox 567 120 819 157; x_wconf 65' lang='lat' dir='ltr'><strong>cmmoms</strong></span> 
     </span>
    </p>
   </div>
   <div class='ocr_carea' id='block_1_2' title="bbox 83 199 1306 2246">
    <p class='ocr_par' dir='ltr' id='par_1_2' title="bbox 83 199 1306 2246">
     <span class='ocr_line' id='line_1_2' title="bbox 116 199 1280 258; baseline -0.002 -12"><span class='ocrx_word' id='word_1_4' title='bbox 116 211 232 246; x_wconf 81' lang='lat' dir='ltr'><strong>tum:</strong></span> <span class='ocrx_word' id='word_1_5' title='bbox 265 209 337 250; x_wconf 83' lang='lat' dir='ltr'><strong>ut,</strong></span> <span class='ocrx_word' id='word_1_6' title='bbox 369 202 777 258; x_wconf 79' lang='lat' dir='ltr'><strong>quum&#39;quaeritur‚</strong></span> <span class='ocrx_word' id='word_1_7' title='bbox 805 210 973 255; x_wconf 81' lang='lat' dir='ltr'><strong>natura,</strong></span> <span class='ocrx_word' id='word_1_8' title='bbox 1003 217 1059 244; x_wconf 84' lang='lat' dir='ltr'><strong>an</strong></span> <span class='ocrx_word' id='word_1_9' title='bbox 1078 199 1280 258; x_wconf 55' lang='lat' dir='ltr'><strong>doctring,</strong></span> 
     </span>
     <span class='ocr_line' id='line_1_3' title="bbox 114 256 1277 319; baseline -0.003 -17"><span class='ocrx_word' id='word_1_10' title='bbox 114 259 252 319; x_wconf 81' lang='lat' dir='ltr'>possit</span> <span class='ocrx_word' id='word_1_11' title='bbox 281 256 401 300; x_wconf 83' lang='lat' dir='ltr'><strong>effici</strong></span> <span class='ocrx_word' id='word_1_12' title='bbox 429 259 584 300; x_wconf 80' lang='lat' dir='ltr'><strong>virtus.</strong></span> <span class='ocrx_word' id='word_1_13' title='bbox 642 258 785 300; x_wconf 87' lang='lat' dir='ltr'>Causa</span> <span class='ocrx_word' id='word_1_14' title='bbox 808 266 955 302; x_wconf 87' lang='lat' dir='ltr'><strong>autem</strong></span> <span class='ocrx_word' id='word_1_15' title='bbox 972 259 1166 302; x_wconf 83' lang='lat' dir='ltr'><strong>efficiens</strong></span> <span class='ocrx_word' id='word_1_16' title='bbox 1187 261 1277 302; x_wconf 79' lang='lat' dir='ltr'><strong>sic:</strong></span> 
     </span>
     <span class='ocr_line' id='line_1_4' title="bbox 115 314 1277 373; baseline -0.001 -15"><span class='ocrx_word' id='word_1_17' title='bbox 115 325 190 367; x_wconf 86' lang='lat' dir='ltr'><strong>ut,</strong></span> <span class='ocrx_word' id='word_1_18' title='bbox 230 329 371 373; x_wconf 87' lang='lat' dir='ltr'><strong>quum</strong></span> <span class='ocrx_word' id='word_1_19' title='bbox 401 315 649 370; x_wconf 77' lang='lat' dir='ltr'><strong>quaeritur,</strong></span> <span class='ocrx_word' id='word_1_20' title='bbox 687 314 844 370; x_wconf 85' lang='lat' dir='ltr'><strong>quibus</strong></span> <span class='ocrx_word' id='word_1_21' title='bbox 873 317 1002 358; x_wconf 83' lang='lat' dir='ltr'><strong>rebus</strong></span> <span class='ocrx_word' id='word_1_22' title='bbox 1026 316 1277 372; x_wconf 85' lang='lat' dir='ltr'><strong>eloquentia</strong></span> 
     </span>
     <span class='ocr_line' id='line_1_5' title="bbox 116 372 1276 424; baseline 0 -9"><span class='ocrx_word' id='word_1_23' title='bbox 116 373 350 416; x_wconf 69' lang='lat' dir='ltr'><strong>efficiatur.</strong></span> <span class='ocrx_word' id='word_1_24' title='bbox 425 372 496 414; x_wconf 89' lang='lat' dir='ltr'><strong>De</strong></span> <span class='ocrx_word' id='word_1_25' title='bbox 533 373 899 424; x_wconf 85' lang='lat' dir='ltr'><strong>commutatione,</strong></span> <span class='ocrx_word' id='word_1_26' title='bbox 940 373 1020 416; x_wconf 79' lang='lat' dir='ltr'><strong>sic:</strong></span> <span class='ocrx_word' id='word_1_27' title='bbox 1078 374 1276 416; x_wconf 78' lang='lat' dir='ltr'><strong>Pessime</strong></span> 
     </span>
     <span class='ocr_line' id='line_1_6' title="bbox 117 429 1278 486; baseline 0 -14"><span class='ocrx_word' id='word_1_28' title='bbox 117 430 365 486; x_wconf 77' lang='lat' dir='ltr'>eloquentia</span> <span class='ocrx_word' id='word_1_29' title='bbox 404 429 745 472; x_wconf 75' lang='lat' dir='ltr'><strong>commutatione</strong></span> <span class='ocrx_word' id='word_1_30' title='bbox 792 430 938 484; x_wconf 87' lang='lat' dir='ltr'><strong>aliqua</strong></span> <span class='ocrx_word' id='word_1_31' title='bbox 986 431 1184 472; x_wconf 77' lang='lat' dir='ltr'><strong>converti</strong></span> <span class='ocrx_word' id='word_1_32' title='bbox 1229 430 1278 473; x_wconf 81' lang='lat' dir='ltr'><strong>in</strong></span> 
     </span>
     <span class='ocr_line' id='line_1_7' title="bbox 115 485 1277 543; baseline -0.001 -13"><span class='ocrx_word' id='word_1_33' title='bbox 115 485 363 530; x_wconf 49' lang='lat' dir='ltr'><strong>infantiam.</strong></span> <span class='ocrx_word' id='word_1_34' title='bbox 422 487 578 543; x_wconf 83' lang='lat' dir='ltr'><strong>Quum</strong></span> <span class='ocrx_word' id='word_1_35' title='bbox 596 494 766 536; x_wconf 79' lang='lat' dir='ltr'><strong>autem,</strong></span> <span class='ocrx_word' id='word_1_36' title='bbox 797 487 902 541; x_wconf 85' lang='lat' dir='ltr'><strong>quid</strong></span> <span class='ocrx_word' id='word_1_37' title='bbox 924 487 998 539; x_wconf 82' lang='lat' dir='ltr'><strong>sit,</strong></span> <span class='ocrx_word' id='word_1_38' title='bbox 1029 488 1277 543; x_wconf 75' lang='lat' dir='ltr'><strong>quaeritur3</strong></span> 
     </span>
     <span class='ocr_line' id='line_1_8' title="bbox 115 542 1278 601; baseline 0 -15"><span class='ocrx_word' id='word_1_39' title='bbox 115 544 238 586; x_wconf 80' lang='lat' dir='ltr'><strong>notio</strong></span> <span class='ocrx_word' id='word_1_40' title='bbox 269 542 531 601; x_wconf 76' lang='lat' dir='ltr'><strong>explicanda</strong></span> <span class='ocrx_word' id='word_1_41' title='bbox 559 551 645 596; x_wconf 82' lang='lat' dir='ltr'><strong>est,</strong></span> <span class='ocrx_word' id='word_1_42' title='bbox 683 551 726 585; x_wconf 85' lang='lat' dir='ltr'><strong>et</strong></span> <span class='ocrx_word' id='word_1_43' title='bbox 744 545 1012 600; x_wconf 84' lang='lat' dir='ltr'>proprietas,</span> <span class='ocrx_word' id='word_1_44' title='bbox 1043 550 1084 585; x_wconf 85' lang='lat' dir='ltr'><strong>et</strong></span> <span class='ocrx_word' id='word_1_45' title='bbox 1107 543 1278 595; x_wconf 80' lang='lat' dir='ltr'><strong>divisio,</strong></span> 
     </span>
     <span class='ocr_line' id='line_1_9' title="bbox 118 598 1280 658; baseline 0 -15"><span class='ocrx_word' id='word_1_46' title='bbox 118 610 162 644; x_wconf 79' lang='lat' dir='ltr'><strong>et</strong></span> <span class='ocrx_word' id='word_1_47' title='bbox 190 600 381 658; x_wconf 81' lang='lat' dir='ltr'><strong>partitio.</strong></span> <span class='ocrx_word' id='word_1_48' title='bbox 438 600 561 643; x_wconf 84' lang='lat' dir='ltr'><strong>Haec</strong></span> <span class='ocrx_word' id='word_1_49' title='bbox 590 601 709 643; x_wconf 90' lang='lat' dir='ltr'><strong>enim</strong></span> <span class='ocrx_word' id='word_1_50' title='bbox 739 609 842 642; x_wconf 86' lang='lat' dir='ltr'><strong>sunt</strong></span> <span class='ocrx_word' id='word_1_51' title='bbox 869 598 1127 657; x_wconf 77' lang='lat' dir='ltr'><strong>definitioni</strong></span> <span class='ocrx_word' id='word_1_52' title='bbox 1155 601 1280 643; x_wconf 82' lang='lat' dir='ltr'><strong>attri-</strong></span> 
     </span>
     <span class='ocr_line' id='line_1_10' title="bbox 117 656 1283 714; baseline 0.001 -14"><span class='ocrx_word' id='word_1_53' title='bbox 117 659 242 701; x_wconf 78' lang='lat' dir='ltr'><strong>buta:</strong></span> <span class='ocrx_word' id='word_1_54' title='bbox 282 657 458 700; x_wconf 81' lang='lat' dir='ltr'>additur</span> <span class='ocrx_word' id='word_1_55' title='bbox 485 658 617 700; x_wconf 77' lang='lat' dir='ltr'><strong>etiam</strong></span> <span class='ocrx_word' id='word_1_56' title='bbox 647 657 902 714; x_wconf 76' lang='lat' dir='ltr'>descriptio,</span> <span class='ocrx_word' id='word_1_57' title='bbox 951 672 1083 713; x_wconf 88' lang='lat' dir='ltr'><strong>quem</strong></span> <span class='ocrx_word' id='word_1_58' title='bbox 1122 656 1283 705; x_wconf 78' lang='lat' dir='ltr'><strong>Graeci</strong></span> 
     </span>
     <span class='ocr_line' id='line_1_11' title="bbox 117 714 1282 773; baseline -0.002 -15"><span class='ocrx_word' id='word_1_59' title='bbox 117 714 358 773; x_wconf 77' lang='grc' dir='ltr'><strong><em>χαρακτῆρα</em></strong></span> <span class='ocrx_word' id='word_1_60' title='bbox 386 722 557 760; x_wconf 84' lang='lat' dir='ltr'><strong>vocant.</strong></span> <span class='ocrx_word' id='word_1_61' title='bbox 614 715 750 758; x_wconf 89' lang='lat' dir='ltr'><strong>Notio</strong></span> <span class='ocrx_word' id='word_1_62' title='bbox 782 715 842 756; x_wconf 92' lang='lat' dir='ltr'><strong>sic</strong></span> <span class='ocrx_word' id='word_1_63' title='bbox 870 715 1118 771; x_wconf 85' lang='lat' dir='ltr'><strong>quaeritur:</strong></span> <span class='ocrx_word' id='word_1_64' title='bbox 1167 714 1282 756; x_wconf 78' lang='lat' dir='ltr'><strong>sitne</strong></span> 
     </span>
     <span class='ocr_line' id='line_1_12' title="bbox 117 764 1283 830; baseline -0.002 -14"><span class='ocrx_word' id='word_1_65' title='bbox 117 774 163 816; x_wconf 83' lang='lat' dir='ltr'><strong>id</strong></span> <span class='ocrx_word' id='word_1_66' title='bbox 194 764 406 830; x_wconf 72' lang='lat' dir='ltr'><strong>aequum,</strong></span> <span class='ocrx_word' id='word_1_67' title='bbox 454 771 571 828; x_wconf 88' lang='lat' dir='ltr'><strong>quod</strong></span> <span class='ocrx_word' id='word_1_68' title='bbox 601 773 663 825; x_wconf 88' lang='lat' dir='ltr'><strong>ei,</strong></span> <span class='ocrx_word' id='word_1_69' title='bbox 711 772 784 828; x_wconf 90' lang='lat' dir='ltr'><strong>qui</strong></span> <span class='ocrx_word' id='word_1_70' title='bbox 821 772 922 829; x_wconf 90' lang='lat' dir='ltr'><strong>plus</strong></span> <span class='ocrx_word' id='word_1_71' title='bbox 960 780 1126 830; x_wconf 86' lang='lat' dir='ltr'><strong>potest,</strong></span> <span class='ocrx_word' id='word_1_72' title='bbox 1174 772 1283 814; x_wconf 75' lang='lat' dir='ltr'><strong>utile</strong></span> 
     </span>
     <span class='ocr_line' id='line_1_13' title="bbox 119 828 1283 886; baseline -0.001 -15"><span class='ocrx_word' id='word_1_73' title='bbox 119 830 213 872; x_wconf 76' lang='lat' dir='ltr'><strong>est?</strong></span> <span class='ocrx_word' id='word_1_74' title='bbox 267 828 516 886; x_wconf 80' lang='lat' dir='ltr'><strong>Proprietas</strong></span> <span class='ocrx_word' id='word_1_75' title='bbox 537 830 619 871; x_wconf 85' lang='lat' dir='ltr'><strong>sic:</strong></span> <span class='ocrx_word' id='word_1_76' title='bbox 666 830 719 871; x_wconf 92' lang='lat' dir='ltr'><strong>In</strong></span> <span class='ocrx_word' id='word_1_77' title='bbox 739 829 1018 871; x_wconf 82' lang='lat' dir='ltr'><strong>hominemne</strong></span> <span class='ocrx_word' id='word_1_78' title='bbox 1038 831 1183 871; x_wconf 86' lang='lat' dir='ltr'><strong>solum</strong></span> <span class='ocrx_word' id='word_1_79' title='bbox 1203 843 1283 870; x_wconf 85' lang='lat' dir='ltr'><strong>ca·-</strong></span> 
     </span>
     <span class='ocr_line' id='line_1_14' title="bbox 117 885 1285 941; baseline -0.003 -11"><span class='ocrx_word' id='word_1_80' title='bbox 117 888 212 939; x_wconf 85' lang='lat' dir='ltr'><strong>dat,</strong></span> <span class='ocrx_word' id='word_1_81' title='bbox 253 900 311 927; x_wconf 84' lang='lat' dir='ltr'><strong>an</strong></span> <span class='ocrx_word' id='word_1_82' title='bbox 340 885 472 928; x_wconf 84' lang='lat' dir='ltr'><strong>etiam</strong></span> <span class='ocrx_word' id='word_1_83' title='bbox 501 886 549 928; x_wconf 85' lang='lat' dir='ltr'><strong>in</strong></span> <span class='ocrx_word' id='word_1_84' title='bbox 581 886 745 929; x_wconf 81' lang='lat' dir='ltr'>belluas</span> <span class='ocrx_word' id='word_1_85' title='bbox 774 886 1032 941; x_wconf 83' lang='lat' dir='ltr'>aegritudo?</span> <span class='ocrx_word' id='word_1_86' title='bbox 1089 887 1285 938; x_wconf 79' lang='lat' dir='ltr'><strong>Divisio,</strong></span> 
     </span>
     <span class='ocr_line' id='line_1_15' title="bbox 120 943 1283 1000; baseline -0.002 -14"><span class='ocrx_word' id='word_1_87' title='bbox 120 952 163 986; x_wconf 84' lang='lat' dir='ltr'><strong>et</strong></span> <span class='ocrx_word' id='word_1_88' title='bbox 191 943 345 986; x_wconf 86' lang='lat' dir='ltr'><strong>eodem</strong></span> <span class='ocrx_word' id='word_1_89' title='bbox 373 950 500 1000; x_wconf 78' lang='lat' dir='ltr'><strong>pacto</strong></span> <span class='ocrx_word' id='word_1_90' title='bbox 529 944 731 1000; x_wconf 84' lang='lat' dir='ltr'><strong>partitio,</strong></span> <span class='ocrx_word' id='word_1_91' title='bbox 770 943 852 985; x_wconf 88' lang='lat' dir='ltr'><strong>sic:</strong></span> <span class='ocrx_word' id='word_1_92' title='bbox 923 943 1093 986; x_wconf 73' lang='lat' dir='ltr'><strong>&#39;I&#39;riane</strong></span> <span class='ocrx_word' id='word_1_93' title='bbox 1122 957 1283 999; x_wconf 86' lang='lat' dir='ltr'><strong>genera</strong></span> 
     </span>
     <span class='ocr_line' id='line_1_16' title="bbox 120 999 1284 1057; baseline -0.002 -14"><span class='ocrx_word' id='word_1_94' title='bbox 120 1001 347 1043; x_wconf 85' lang='lat' dir='ltr'><strong>bonorum</strong></span> <span class='ocrx_word' id='word_1_95' title='bbox 371 1000 490 1041; x_wconf 81' lang='lat' dir='ltr'><strong>sint?</strong></span> <span class='ocrx_word' id='word_1_96' title='bbox 547 1000 814 1057; x_wconf 86' lang='lat' dir='ltr'>Descriptio:</span> <span class='ocrx_word' id='word_1_97' title='bbox 860 999 1016 1056; x_wconf 85' lang='lat' dir='ltr'><strong>Qualis</strong></span> <span class='ocrx_word' id='word_1_98' title='bbox 1037 1001 1092 1043; x_wconf 77' lang='lat' dir='ltr'><strong>sit</strong></span> <span class='ocrx_word' id='word_1_99' title='bbox 1110 1015 1284 1053; x_wconf 83' lang='lat' dir='ltr'><strong>avarus,</strong></span> 
     </span>
     <span class='ocr_line' id='line_1_17' title="bbox 120 1057 1284 1114; baseline 0.001 -16"><span class='ocrx_word' id='word_1_100' title='bbox 120 1057 259 1113; x_wconf 81' lang='lat' dir='ltr'><strong>qualis</strong></span> <span class='ocrx_word' id='word_1_101' title='bbox 290 1064 551 1110; x_wconf 75' lang='lat' dir='ltr'><strong>assentator,</strong></span> <span class='ocrx_word' id='word_1_102' title='bbox 598 1065 830 1113; x_wconf 78' lang='lat' dir='ltr'><strong>ceteraque</strong></span> <span class='ocrx_word' id='word_1_103' title='bbox 869 1057 1065 1100; x_wconf 82' lang='lat' dir='ltr'><strong>eiusdem</strong></span> <span class='ocrx_word' id='word_1_104' title='bbox 1095 1058 1284 1114; x_wconf 64' lang='lat' dir='ltr'><strong>generis,</strong></span> 
     </span>
     <span class='ocr_line' id='line_1_18' title="bbox 121 1114 1283 1170; baseline 0 -13"><span class='ocrx_word' id='word_1_105' title='bbox 121 1115 166 1158; x_wconf 85' lang='lat' dir='ltr'><strong>in</strong></span> <span class='ocrx_word' id='word_1_106' title='bbox 197 1114 355 1170; x_wconf 88' lang='lat' dir='ltr'><strong>quibus</strong></span> <span class='ocrx_word' id='word_1_107' title='bbox 386 1122 543 1156; x_wconf 79' lang='lat' dir='ltr'><strong>natura</strong></span> <span class='ocrx_word' id='word_1_108' title='bbox 583 1122 626 1156; x_wconf 88' lang='lat' dir='ltr'><strong>et</strong></span> <span class='ocrx_word' id='word_1_109' title='bbox 663 1115 752 1157; x_wconf 83' lang='lat' dir='ltr'><strong>vita</strong></span> <span class='ocrx_word' id='word_1_110' title='bbox 793 1114 1061 1157; x_wconf 75' lang='lat' dir='ltr'><strong>describitur.</strong></span> <span class='ocrx_word' id='word_1_111' title='bbox 1127 1116 1283 1170; x_wconf 86' lang='lat' dir='ltr'><strong>Quum</strong></span> 
     </span>
     <span class='ocr_line' id='line_1_19' title="bbox 122 1171 1283 1228; baseline -0.002 -14"><span class='ocrx_word' id='word_1_112' title='bbox 122 1179 270 1215; x_wconf 72' lang='lat' dir='ltr'><strong>autem</strong></span> <span class='ocrx_word' id='word_1_113' title='bbox 300 1171 548 1228; x_wconf 81' lang='lat' dir='ltr'><strong>quaeritur,</strong></span> <span class='ocrx_word' id='word_1_114' title='bbox 588 1173 722 1228; x_wconf 76' lang='lat' dir='ltr'><strong>quale</strong></span> <span class='ocrx_word' id='word_1_115' title='bbox 750 1171 857 1227; x_wconf 84' lang='lat' dir='ltr'><strong>quid</strong></span> <span class='ocrx_word' id='word_1_116' title='bbox 886 1172 967 1212; x_wconf 78' lang='lat' dir='ltr'><strong>sit:</strong></span> <span class='ocrx_word' id='word_1_117' title='bbox 1003 1179 1080 1214; x_wconf 85' lang='lat' dir='ltr'><strong>aut</strong></span> <span class='ocrx_word' id='word_1_118' title='bbox 1107 1171 1283 1226; x_wconf 85' lang='lat' dir='ltr'><strong>simpli-</strong></span> 
     </span>
     <span class='ocr_line' id='line_1_20' title="bbox 122 1228 1283 1285; baseline -0.001 -16"><span class='ocrx_word' id='word_1_119' title='bbox 122 1229 231 1270; x_wconf 73' lang='lat' dir='ltr'><strong>citer</strong></span> <span class='ocrx_word' id='word_1_120' title='bbox 267 1229 518 1285; x_wconf 84' lang='lat' dir='ltr'><strong>quaeritur,</strong></span> <span class='ocrx_word' id='word_1_121' title='bbox 567 1237 641 1270; x_wconf 81' lang='lat' dir='ltr'><strong>aut</strong></span> <span class='ocrx_word' id='word_1_122' title='bbox 670 1235 935 1284; x_wconf 84' lang='lat' dir='ltr'><strong>comparate.</strong></span> <span class='ocrx_word' id='word_1_123' title='bbox 990 1228 1283 1285; x_wconf 77' lang='lat' dir='ltr'>Simpliciter:</span> 
     </span>
     <span class='ocr_line' id='line_1_21' title="bbox 83 1284 1306 1342; baseline -0.002 -14"><span class='ocrx_word' id='word_1_124' title='bbox 83 1334 88 1337; x_wconf 27' lang='lat'><em>⁷</em></span> <span class='ocrx_word' id='word_1_125' title='bbox 120 1284 441 1342; x_wconf 66' lang='lat' dir='ltr'>Expetendane</span> <span class='ocrx_word' id='word_1_126' title='bbox 469 1285 525 1326; x_wconf 81' lang='lat' dir='ltr'><strong>sit</strong></span> <span class='ocrx_word' id='word_1_127' title='bbox 552 1285 722 1340; x_wconf 78' lang='lat' dir='ltr'><strong>gloria?</strong></span> <span class='ocrx_word' id='word_1_128' title='bbox 768 1295 1042 1341; x_wconf 83' lang='lat' dir='ltr'><strong>comparate:</strong></span> <span class='ocrx_word' id='word_1_129' title='bbox 1082 1286 1306 1342; x_wconf 56' lang='lat' dir='ltr'><strong>praepo-v</strong></span> 
     </span>
     <span class='ocr_line' id='line_1_22' title="bbox 123 1340 1285 1398; baseline 0 -14"><span class='ocrx_word' id='word_1_130' title='bbox 123 1342 327 1385; x_wconf 84' lang='lat' dir='ltr'><strong>nendane</strong></span> <span class='ocrx_word' id='word_1_131' title='bbox 366 1341 423 1383; x_wconf 85' lang='lat' dir='ltr'><strong>sit</strong></span> <span class='ocrx_word' id='word_1_132' title='bbox 463 1340 624 1384; x_wconf 77' lang='lat' dir='ltr'><strong>divitiis</strong></span> <span class='ocrx_word' id='word_1_133' title='bbox 655 1342 830 1398; x_wconf 81' lang='lat' dir='ltr'><strong>gloria?</strong></span> <span class='ocrx_word' id='word_1_134' title='bbox 887 1342 1159 1398; x_wconf 84' lang='lat' dir='ltr'><strong>Simplicium</strong></span> <span class='ocrx_word' id='word_1_135' title='bbox 1200 1343 1285 1384; x_wconf 82' lang='lat' dir='ltr'><strong>tria</strong></span> 
     </span>
     <span class='ocr_line' id='line_1_23' title="bbox 124 1397 1282 1456; baseline 0 -16"><span class='ocrx_word' id='word_1_136' title='bbox 124 1413 286 1456; x_wconf 72' lang='lat' dir='ltr'><strong>genera</strong></span> <span class='ocrx_word' id='word_1_137' title='bbox 314 1406 441 1441; x_wconf 86' lang='lat' dir='ltr'><strong>sunt:</strong></span> <span class='ocrx_word' id='word_1_138' title='bbox 493 1397 547 1439; x_wconf 89' lang='lat' dir='ltr'><strong>de</strong></span> <span class='ocrx_word' id='word_1_139' title='bbox 583 1400 826 1452; x_wconf 74' lang='lat' dir='ltr'><strong>expetendo</strong></span> <span class='ocrx_word' id='word_1_140' title='bbox 855 1397 1178 1455; x_wconf 80' lang='lat' dir='ltr'><strong>fugiendoque3</strong></span> <span class='ocrx_word' id='word_1_141' title='bbox 1227 1397 1282 1440; x_wconf 90' lang='lat' dir='ltr'><strong>de</strong></span> 
     </span>
     <span class='ocr_line' id='line_1_24' title="bbox 122 1456 1286 1513; baseline 0.001 -17"><span class='ocrx_word' id='word_1_142' title='bbox 122 1470 260 1511; x_wconf 82' lang='lat' dir='ltr'><strong>aequo</strong></span> <span class='ocrx_word' id='word_1_143' title='bbox 292 1463 334 1496; x_wconf 83' lang='lat' dir='ltr'><strong>et</strong></span> <span class='ocrx_word' id='word_1_144' title='bbox 362 1456 540 1513; x_wconf 81' lang='lat' dir='ltr'><strong>iniquo3</strong></span> <span class='ocrx_word' id='word_1_145' title='bbox 582 1456 635 1497; x_wconf 88' lang='lat' dir='ltr'><strong>de</strong></span> <span class='ocrx_word' id='word_1_146' title='bbox 665 1456 848 1497; x_wconf 81' lang='lat' dir='ltr'><strong>honesto</strong></span> <span class='ocrx_word' id='word_1_147' title='bbox 878 1464 918 1496; x_wconf 71' lang='lat' dir='ltr'><strong>et</strong></span> <span class='ocrx_word' id='word_1_148' title='bbox 947 1456 1083 1513; x_wconf 82' lang='lat' dir='ltr'><strong>turpi.</strong></span> <span class='ocrx_word' id='word_1_149' title='bbox 1142 1456 1286 1498; x_wconf 87' lang='lat' dir='ltr'><strong>Com·-</strong></span> 
     </span>
     <span class='ocr_line' id='line_1_25' title="bbox 122 1512 1286 1570; baseline 0 -16"><span class='ocrx_word' id='word_1_150' title='bbox 122 1514 403 1570; x_wconf 74' lang='lat' dir='ltr'><strong>parationum</strong></span> <span class='ocrx_word' id='word_1_151' title='bbox 441 1520 589 1554; x_wconf 84' lang='lat' dir='ltr'><strong>autem</strong></span> <span class='ocrx_word' id='word_1_152' title='bbox 619 1512 727 1563; x_wconf 73' lang='lat' dir='ltr'><strong>dim,</strong></span> <span class='ocrx_word' id='word_1_153' title='bbox 780 1527 922 1554; x_wconf 90' lang='lat' dir='ltr'><strong>unum</strong></span> <span class='ocrx_word' id='word_1_154' title='bbox 960 1513 1012 1554; x_wconf 88' lang='lat' dir='ltr'><strong>de</strong></span> <span class='ocrx_word' id='word_1_155' title='bbox 1054 1513 1207 1554; x_wconf 78' lang='lat' dir='ltr'><strong>eodem</strong></span> <span class='ocrx_word' id='word_1_156' title='bbox 1242 1519 1286 1554; x_wconf 90' lang='lat' dir='ltr'><strong>et</strong></span> 
     </span>
     <span class='ocr_line' id='line_1_26' title="bbox 124 1568 1284 1621; baseline 0 -11"><span class='ocrx_word' id='word_1_157' title='bbox 124 1569 235 1621; x_wconf 79' lang='lat' dir='ltr'><strong>alio3</strong></span> <span class='ocrx_word' id='word_1_158' title='bbox 276 1569 463 1611; x_wconf 84' lang='lat' dir='ltr'><strong>alterum</strong></span> <span class='ocrx_word' id='word_1_159' title='bbox 495 1568 548 1611; x_wconf 89' lang='lat' dir='ltr'><strong>de</strong></span> <span class='ocrx_word' id='word_1_160' title='bbox 578 1570 744 1611; x_wconf 83' lang='lat' dir='ltr'><strong>maiore</strong></span> <span class='ocrx_word' id='word_1_161' title='bbox 775 1578 817 1611; x_wconf 83' lang='lat' dir='ltr'><strong>et</strong></span> <span class='ocrx_word' id='word_1_162' title='bbox 845 1570 1031 1611; x_wconf 81' lang='lat' dir='ltr'><strong>minore.</strong></span> <span class='ocrx_word' id='word_1_163' title='bbox 1098 1570 1170 1611; x_wconf 89' lang='lat' dir='ltr'><strong>De</strong></span> <span class='ocrx_word' id='word_1_164' title='bbox 1201 1584 1284 1610; x_wconf 79' lang='lat' dir='ltr'><strong>ex-</strong></span> 
     </span>
     <span class='ocr_line' id='line_1_27' title="bbox 122 1625 1284 1685; baseline 0.001 -18"><span class='ocrx_word' id='word_1_165' title='bbox 122 1625 314 1685; x_wconf 81' lang='lat' dir='ltr'><strong>petendo</strong></span> <span class='ocrx_word' id='word_1_166' title='bbox 344 1633 386 1668; x_wconf 88' lang='lat' dir='ltr'><strong>et</strong></span> <span class='ocrx_word' id='word_1_167' title='bbox 414 1625 646 1681; x_wconf 79' lang='lat' dir='ltr'><strong>fugiendo,</strong></span> <span class='ocrx_word' id='word_1_168' title='bbox 676 1626 950 1668; x_wconf 79' lang='lat' dir='ltr'><strong>huiusmodi:</strong></span> <span class='ocrx_word' id='word_1_169' title='bbox 993 1626 1038 1667; x_wconf 93' lang='lat' dir='ltr'><strong>Si</strong></span> <span class='ocrx_word' id='word_1_170' title='bbox 1068 1633 1284 1682; x_wconf 80' lang='lat' dir='ltr'><strong>expeten-</strong></span> 
     </span>
     <span class='ocr_line' id='line_1_28' title="bbox 126 1681 1286 1739; baseline 0.001 -15"><span class='ocrx_word' id='word_1_171' title='bbox 126 1684 205 1725; x_wconf 84' lang='lat' dir='ltr'><strong>dae</strong></span> <span class='ocrx_word' id='word_1_172' title='bbox 234 1681 430 1734; x_wconf 81' lang='lat' dir='ltr'><strong>divitiae,</strong></span> <span class='ocrx_word' id='word_1_173' title='bbox 470 1684 506 1724; x_wconf 87' lang='lat' dir='ltr'><strong>si</strong></span> <span class='ocrx_word' id='word_1_174' title='bbox 538 1682 745 1738; x_wconf 83' lang='lat' dir='ltr'><strong>fugienda</strong></span> <span class='ocrx_word' id='word_1_175' title='bbox 773 1683 1036 1739; x_wconf 79' lang='lat' dir='ltr'><strong>paupertas?</strong></span> <span class='ocrx_word' id='word_1_176' title='bbox 1098 1683 1170 1725; x_wconf 88' lang='lat' dir='ltr'><strong>De</strong></span> <span class='ocrx_word' id='word_1_177' title='bbox 1205 1698 1286 1725; x_wconf 81' lang='lat' dir='ltr'><strong>ae·-</strong></span> 
     </span>
     <span class='ocr_line' id='line_1_29' title="bbox 125 1739 1286 1797; baseline -0.001 -15"><span class='ocrx_word' id='word_1_178' title='bbox 125 1755 211 1797; x_wconf 86' lang='lat' dir='ltr'><strong>quo</strong></span> <span class='ocrx_word' id='word_1_179' title='bbox 241 1748 286 1781; x_wconf 86' lang='lat' dir='ltr'><strong>et</strong></span> <span class='ocrx_word' id='word_1_180' title='bbox 312 1740 482 1795; x_wconf 87' lang='lat' dir='ltr'><strong>iniquo:</strong></span> <span class='ocrx_word' id='word_1_181' title='bbox 541 1739 805 1796; x_wconf 81' lang='lat' dir='ltr'><strong>Aequumne</strong></span> <span class='ocrx_word' id='word_1_182' title='bbox 834 1740 890 1781; x_wconf 85' lang='lat' dir='ltr'><strong>sit</strong></span> <span class='ocrx_word' id='word_1_183' title='bbox 919 1740 1088 1790; x_wconf 83' lang='lat' dir='ltr'><strong>ulcisci,</strong></span> <span class='ocrx_word' id='word_1_184' title='bbox 1118 1755 1143 1781; x_wconf 84' lang='lat' dir='ltr'>a</span> <span class='ocrx_word' id='word_1_185' title='bbox 1170 1754 1286 1795; x_wconf 89' lang='lat' dir='ltr'><strong>quo-</strong></span> 
     </span>
     <span class='ocr_line' id='line_1_30' title="bbox 127 1796 1288 1853; baseline 0 -15"><span class='ocrx_word' id='word_1_186' title='bbox 127 1812 315 1853; x_wconf 83' lang='lat' dir='ltr'><strong>cumque</strong></span> <span class='ocrx_word' id='word_1_187' title='bbox 356 1796 565 1839; x_wconf 81' lang='lat' dir='ltr'><strong>iniuriam</strong></span> <span class='ocrx_word' id='word_1_188' title='bbox 605 1798 853 1852; x_wconf 72' lang='lat' dir='ltr'><strong>acceperis?</strong></span> <span class='ocrx_word' id='word_1_189' title='bbox 910 1797 980 1838; x_wconf 90' lang='lat' dir='ltr'><strong>De</strong></span> <span class='ocrx_word' id='word_1_190' title='bbox 1020 1796 1205 1840; x_wconf 83' lang='lat' dir='ltr'><strong>honesto</strong></span> <span class='ocrx_word' id='word_1_191' title='bbox 1244 1804 1288 1838; x_wconf 84' lang='lat' dir='ltr'><strong>et</strong></span> 
     </span>
     <span class='ocr_line' id='line_1_31' title="bbox 125 1854 1287 1911; baseline 0 -15"><span class='ocrx_word' id='word_1_192' title='bbox 125 1854 268 1910; x_wconf 80' lang='lat' dir='ltr'><strong>turpi:</strong></span> <span class='ocrx_word' id='word_1_193' title='bbox 308 1854 615 1896; x_wconf 80' lang='lat' dir='ltr'><strong>Honestumne</strong></span> <span class='ocrx_word' id='word_1_194' title='bbox 640 1854 717 1906; x_wconf 77' lang='lat' dir='ltr'><strong>sit,</strong></span> <span class='ocrx_word' id='word_1_195' title='bbox 746 1868 827 1910; x_wconf 88' lang='lat' dir='ltr'><strong>pro</strong></span> <span class='ocrx_word' id='word_1_196' title='bbox 856 1854 994 1911; x_wconf 84' lang='lat' dir='ltr'><strong>patria</strong></span> <span class='ocrx_word' id='word_1_197' title='bbox 1022 1855 1168 1896; x_wconf 82' lang='lat' dir='ltr'><strong>mori?</strong></span> <span class='ocrx_word' id='word_1_198' title='bbox 1212 1854 1287 1896; x_wconf 82' lang='lat' dir='ltr'><strong>Ex</strong></span> 
     </span>
     <span class='ocr_line' id='line_1_32' title="bbox 125 1911 1289 1968; baseline 0 -16"><span class='ocrx_word' id='word_1_199' title='bbox 125 1912 263 1952; x_wconf 79' lang='lat' dir='ltr'><strong>altero</strong></span> <span class='ocrx_word' id='word_1_200' title='bbox 301 1919 448 1952; x_wconf 82' lang='lat' dir='ltr'><strong>autem</strong></span> <span class='ocrx_word' id='word_1_201' title='bbox 486 1926 677 1967; x_wconf 54' lang='lat' dir='ltr'><strong>genere‚</strong></span> <span class='ocrx_word' id='word_1_202' title='bbox 717 1912 834 1966; x_wconf 86' lang='lat' dir='ltr'><strong>quod</strong></span> <span class='ocrx_word' id='word_1_203' title='bbox 876 1919 969 1954; x_wconf 82' lang='lat' dir='ltr'><strong>erat</strong></span> <span class='ocrx_word' id='word_1_204' title='bbox 1008 1911 1289 1968; x_wconf 82' lang='lat' dir='ltr'><strong>bipartitum,</strong></span> 
     </span>
     <span class='ocr_line' id='line_1_33' title="bbox 127 1967 1289 2023; baseline 0.002 -15"><span class='ocrx_word' id='word_1_205' title='bbox 127 1981 268 2009; x_wconf 80' lang='lat' dir='ltr'><strong>unum</strong></span> <span class='ocrx_word' id='word_1_206' title='bbox 299 1975 362 2009; x_wconf 81' lang='lat' dir='ltr'><strong>est</strong></span> <span class='ocrx_word' id='word_1_207' title='bbox 390 1967 444 2008; x_wconf 87' lang='lat' dir='ltr'><strong>de</strong></span> <span class='ocrx_word' id='word_1_208' title='bbox 475 1968 629 2010; x_wconf 81' lang='lat' dir='ltr'><strong>eodem</strong></span> <span class='ocrx_word' id='word_1_209' title='bbox 660 1976 703 2010; x_wconf 83' lang='lat' dir='ltr'><strong>et</strong></span> <span class='ocrx_word' id='word_1_210' title='bbox 733 1969 836 2010; x_wconf 83' lang='lat' dir='ltr'><strong>alio:</strong></span> <span class='ocrx_word' id='word_1_211' title='bbox 875 1976 945 2021; x_wconf 90' lang='lat' dir='ltr'><strong>ut,</strong></span> <span class='ocrx_word' id='word_1_212' title='bbox 975 1968 1011 2010; x_wconf 89' lang='lat' dir='ltr'><strong>si</strong></span> <span class='ocrx_word' id='word_1_213' title='bbox 1039 1976 1289 2023; x_wconf 81' lang='lat' dir='ltr'><strong>quaeratur,</strong></span> 
     </span>
     <span class='ocr_line' id='line_1_34' title="bbox 126 2023 1290 2080; baseline 0.003 -17"><span class='ocrx_word' id='word_1_214' title='bbox 126 2024 229 2080; x_wconf 75' lang='lat' dir='ltr'><strong>quid</strong></span> <span class='ocrx_word' id='word_1_215' title='bbox 261 2023 436 2066; x_wconf 76' lang='lat' dir='ltr'><strong>intersit</strong></span> <span class='ocrx_word' id='word_1_216' title='bbox 474 2024 590 2066; x_wconf 84' lang='lat' dir='ltr'><strong>iuter</strong></span> <span class='ocrx_word' id='word_1_217' title='bbox 631 2027 823 2066; x_wconf 80' lang='lat' dir='ltr'><strong>amicum</strong></span> <span class='ocrx_word' id='word_1_218' title='bbox 862 2032 904 2068; x_wconf 86' lang='lat' dir='ltr'><strong>et</strong></span> <span class='ocrx_word' id='word_1_219' title='bbox 942 2026 1290 2067; x_wconf 80' lang='lat' dir='ltr'><strong>assentatorem?</strong></span> 
     </span>
     <span class='ocr_line' id='line_1_35' title="bbox 116 2083 1292 2137; baseline 0.002 -15"><span class='ocrx_word' id='word_1_220' title='bbox 116 2095 279 2136; x_wconf 67' lang='lat' dir='ltr'><strong>Tegem</strong></span> <span class='ocrx_word' id='word_1_221' title='bbox 311 2088 352 2122; x_wconf 88' lang='lat' dir='ltr'><strong>et</strong></span> <span class='ocrx_word' id='word_1_222' title='bbox 380 2083 653 2137; x_wconf 78' lang='lat' dir='ltr'><strong>tyrannum?</strong></span> <span class='ocrx_word' id='word_1_223' title='bbox 710 2083 919 2124; x_wconf 69' lang='lat' dir='ltr'><strong>Alterum</strong></span> <span class='ocrx_word' id='word_1_224' title='bbox 959 2083 1013 2124; x_wconf 80' lang='lat' dir='ltr'><strong>(le</strong></span> <span class='ocrx_word' id='word_1_225' title='bbox 1052 2083 1219 2124; x_wconf 81' lang='lat' dir='ltr'><strong>maiore</strong></span> <span class='ocrx_word' id='word_1_226' title='bbox 1248 2090 1292 2124; x_wconf 83' lang='lat' dir='ltr'><strong>et</strong></span> 
     </span>
     <span class='ocr_line' id='line_1_36' title="bbox 127 2137 1290 2195; baseline -0.004 -12"><span class='ocrx_word' id='word_1_227' title='bbox 127 2139 330 2183; x_wconf 78' lang='lat' dir='ltr'><strong>minore:</strong></span> <span class='ocrx_word' id='word_1_228' title='bbox 359 2146 427 2188; x_wconf 82' lang='lat' dir='ltr'><strong>ut,</strong></span> <span class='ocrx_word' id='word_1_229' title='bbox 463 2137 497 2179; x_wconf 86' lang='lat' dir='ltr'><strong>si</strong></span> <span class='ocrx_word' id='word_1_230' title='bbox 529 2147 778 2194; x_wconf 79' lang='lat' dir='ltr'><strong>quaeratur,</strong></span> <span class='ocrx_word' id='word_1_231' title='bbox 809 2139 1118 2195; x_wconf 82' lang='lat' dir='ltr'><strong>eloquentiane</strong></span> <span class='ocrx_word' id='word_1_232' title='bbox 1147 2138 1290 2195; x_wconf 72' lang='lat' dir='ltr'><strong>pluris</strong></span> 
     </span>
     <span class='ocr_line' id='line_1_37' title="bbox 131 2194 852 2246; baseline 0.006 -12"><span class='ocrx_word' id='word_1_233' title='bbox 131 2194 182 2234; x_wconf 64' lang='lat' dir='ltr'><strong>sit</strong></span> <span class='ocrx_word' id='word_1_234' title='bbox 201 2227 212 2246; x_wconf 82' lang='grc'>,</span> <span class='ocrx_word' id='word_1_235' title='bbox 249 2209 302 2235; x_wconf 78' lang='lat' dir='ltr'><strong>an</strong></span> <span class='ocrx_word' id='word_1_236' title='bbox 333 2194 440 2236; x_wconf 71' lang='lat' dir='ltr'><strong>{uris</strong></span> <span class='ocrx_word' id='word_1_237' title='bbox 470 2196 610 2238; x_wconf 81' lang='lat' dir='ltr'><strong>civilis</strong></span> <span class='ocrx_word' id='word_1_238' title='bbox 640 2196 852 2238; x_wconf 75' lang='lat' dir='ltr'><strong>scientia?</strong></span> 
     </span>
    </p>
   </div>
  </div>
 </body>
</html>
