1394 2503
227 143 264 176 S„
285 140 348 177 DE
376 137 544 176 CLARIS
568 140 889 176 ORATORIBUS.
914 141 1014 175 CAP.
1041 141 1094 177 53.
1119 140 1173 174 54.
1239 139 1283 175 83

125 230 187 264 est
215 236 273 262 ex
299 221 437 263 tribus
468 220 655 261 oratoris
685 219 839 264 officiis
867 220 1067 261 alterum.
1109 218 1278 262 Deinde

124 292 312 333 aequum
341 279 508 319 bonum
536 284 897 319 testamentorum
928 277 1163 319 sententias
1192 291 1280 317 vo·-

122 335 394 390 luntatesque
422 342 580 376 tutatus
611 341 698 375 est:
740 340 900 388 quanta
940 341 1052 375 esset
1086 333 1131 374 in
1170 349 1275 376 ver-

122 391 189 434 bis
212 393 376 448 captio,
407 405 546 446 quum
566 390 611 431 in
643 391 793 432 ceteris
824 391 976 440 rebus,
1006 397 1101 432 tum
1133 389 1178 431 iu
1208 397 1277 432 te-

121 448 374 497 stamentis,
410 450 445 488 si
479 447 802 502 negligerentur
831 448 1102 498 voluntate53
1135 461 1276 502 quan·-

121 513 210 547 tam
242 505 323 547 sibi
355 504 593 562 potentiam
620 503 825 546 Scaevoia
855 513 1118 555 assumeret,
1147 504 1182 545 si
1197 519 1278 545 ne-

121 577 196 603 mo
235 560 414 602 auderet
451 569 757 602 testamentum
797 561 943 602 facere
970 568 1145 617 postea,
1192 560 1275 602 nisi

123 619 176 659 de
206 617 318 659 illius
347 617 574 660 sententia.
617 617 737 659 Haeo
764 624 860 659 tum
890 618 1102 672 graviter,
1134 621 1149 642 ¹
1181 624 1276 658 tum

122 675 174 716 ab
206 674 422 730 exemplis
450 674 653 730 copiose,
705 681 799 715 tum
837 675 977 723 varie,
1018 680 1112 714 tum
1143 674 1277 715 etiam

122 730 303 773 ridicule
345 738 386 772 et
421 730 558 771 facete
594 730 847 787 explicam,
889 745 986 771 eam
1017 729 1276 772 admiratio-

121 803 226 829 nem
264 787 645 841 assensionemque
696 788 961 836 commovit,
1026 786 1188 828 dixisse
1228 794 1276 829 ut

122 851 273 886 contra
302 859 427 886 nemo
457 844 693 885 videretur.
732 843 832 885 Hoc
863 851 955 885 erat
985 844 1169 885 oratoris
1199 843 1275 886 of-

121 900 276 942 ficium
312 900 545 956 partitione
582 901 783 950 tertium,
825 914 983 955 genere
1011 901 1274 944 maximum.

120 957 211 999 Hic
248 957 322 999 ille
357 958 410 998 de
446 956 609 1012 populo
648 957 807 1006 iudex,
838 958 912 1011 qui
941 957 1177 1013 separatim
1205 957 1274 999 al·

120 1023 268 1055 terum
305 1013 542 1055 admiratus
582 1021 713 1064 esset,
751 1014 893 1063 idem,
932 1014 1078 1054 audito
1121 1015 1272 1064 altero,

121 1070 334 1112 iudicium
364 1084 493 1111 suum
525 1077 862 1112 contemnere-ts
895 1070 957 1111 Ar
993 1085 1100 1112 vero
1137 1071 1274 1112 intel-

121 1127 257 1182 ligens
287 1135 329 1168 et
357 1127 530 1177 doctus,
568 1127 746 1168 audiens
773 1126 1052 1178 Scaevolam,
1094 1128 1274 1169 sentiret

120 1199 211 1225 esse
240 1182 458 1239 quoddam
491 1182 670 1224 uberius
700 1182 867 1225 dicendi
897 1197 1032 1237 genus
1065 1191 1107 1226 et
1135 1199 1272 1226 orna-

119 1240 219 1283 tius.
277 1240 348 1281 Ab
375 1249 563 1295 utroque
599 1248 768 1288 autem,
808 1254 936 1282 causa
973 1248 1200 1296 perorata,
1237 1241 1274 1282 si

119 1305 429 1353 quaereretur,
453 1305 550 1338 uter
568 1305 808 1353 praestaret
830 1304 999 1347 orator,
1030 1311 1274 1353 numquam

119 1353 316 1410 profecto
345 1353 548 1411 sapientis
577 1353 793 1395 iudicium
811 1367 835 1395 a
859 1354 1020 1397 iudicio
1040 1354 1162 1411 vulgi
1180 1354 1275 1396 dis-

118 1419 327 1467 creparet.

202 1522 328 1566 LIV.
388 1521 479 1579 Qui
514 1529 703 1581 praestat
740 1522 870 1579 igitur
908 1522 1152 1581 intelligens
1180 1522 1273 1568 im·-

119 1579 295 1637 perito‘?
334 1593 491 1635 magna
521 1593 569 1622 re
599 1586 640 1621 et
669 1580 860 1623 difficili:
901 1581 935 1622 si
968 1581 1148 1635 quidem
1174 1596 1274 1624 ma·-

118 1652 256 1693 gnum
278 1645 343 1678 est
363 1638 496 1687 scire,
527 1637 685 1692 quibus
714 1638 846 1679 rebus
876 1635 1114 1688 efficiatur,
1141 1640 1273 1681 amit-

118 1701 290 1737 taturve
319 1692 505 1735 dicendo
533 1692 641 1735 illud
669 1693 880 1750 quidquid
909 1701 994 1746 est,
1043 1694 1160 1751 quod
1198 1703 1274 1738 aut

120 1747 232 1791 effici
261 1748 442 1791 dicendo
471 1758 666 1814 oportet,
697 1758 771 1792 aut
799 1750 939 1792 amitti
969 1766 1058 1792 non
1089 1760 1274 1809 oportet.

119 1806 317 1849 Praestat
360 1806 490 1848 etiam
537 1807 616 1849 illo
668 1805 820 1850 doetus
867 1807 1042 1850 auditor
1081 1809 1274 1859 indocto,

121 1863 237 1919 quod
279 1875 427 1918 saepe,
469 1879 607 1919 quum
645 1870 838 1906 oratores
877 1863 985 1913 due,
1023 1872 1096 1907 aut
1121 1867 1272 1922 plures

119 1918 272 1975 populi
309 1919 469 1961 iudicio
509 1921 781 1977 probantur,
830 1920 944 1976 quod
984 1920 1153 1964 dicendi
1193 1937 1272 1979 ge-

119 1990 203 2018 nus
234 1977 450 2032 optimum
462 1976 540 2027 sit,
570 1975 786 2031 intelligit.
857 1978 975 2018 Nam
1004 1977 1127 2029 illud,
1157 1979 1274 2033 quod

119 2033 287 2089 populo
316 2047 406 2074 non
434 2033 672 2088 probatur,
707 2048 765 2075 ne
801 2033 1060 2088 intelligenti
1097 2034 1275 2090 quidem

120 2089 312 2131 auditori
349 2090 524 2146 probari
566 2096 718 2147 pot-est.
783 2088 844 2132 Ut
873 2092 991 2132 enim
1021 2104 1078 2133 ex
1105 2105 1273 2135 nervo-

170 2221 206 2265 1)
232 2219 348 2265 Vulgo
371 2220 455 2254 haec
479 2229 586 2265 quum
610 2217 769 2264 graviter.
