1394 2503
163 144 492 186 PARTITIONES
517 143 814 178 ORATORIAE.
862 145 965 178 CAP.
989 155 1048 189 29·
1075 144 1130 177 30.
1177 144 1236 178 352

63 226 175 278 'sero
204 226 377 288 petisti3
416 238 509 267 non
537 221 624 265 fuit
652 231 727 266 tua
755 221 943 280 petiti03
982 237 1074 266 non
1104 237 1129 264 a
1159 238 1245 277 me,

79 306 170 334 non
200 289 282 330 hac
315 285 438 341 lege,
469 296 561 323 non
591 280 662 323 his
689 279 858 330 verbis,
888 295 979 322 non
1010 280 1094 324 hoc
1124 280 1245 323 iudi—

61 349 158 391 cio.
219 344 423 401 Quarum
472 343 706 380 causarum
752 350 891 393 genus
943 346 1007 379 est
1046 337 1245 395 positum

77 406 127 448 in
155 403 254 445 iure
284 399 427 441 civili:
465 396 583 452 quod
613 402 678 438 est
703 395 750 437 in
780 395 1057 451 privatarum
1085 411 1136 437 ac
1159 411 1247 452 pu-

80 461 293 503 blicarum
322 468 475 497 rerum
504 454 623 508 lege,
655 460 729 494 aut
758 466 884 494 more
911 454 1134 508 positum;
1165 468 1247 495 cu-

79 520 147 562 ius
187 513 368 559 scientia
397 510 593 567 neglecta
634 510 687 552 ab
726 509 975 552 oratoribus
1004 511 1244 567 plerisque,

78 575 211 618 nobis
241 572 295 613 ad
327 568 561 612 dicendum
588 566 833 610 necessaria
859 567 1051 609 videtur.
1094 567 1246 624 Quare

88 633 143 674 de
181 625 494 672 constituendis
523 624 791 677 actionibus,
831 624 1097 681 accipiendis
1137 625 1248 671 sub-

82 687 325 742 eundisque
369 682 566 734 iudiciis,
616 682 670 724 de
717 680 978 737 excipienda
1014 681 1248 736 iniquitate

82 744 288 792 actionis,
333 740 387 781 de
428 738 728 796 comparanda
770 739 1009 794 aequitate,
1039 739 1159 794 quod
1198 754 1251 781 ea

82 803 177 846 fere
226 798 400 857 generis
436 796 530 839 eius
568 803 692 848 sunt,
748 804 824 848 ut,
882 810 1153 853 quamquam
1199 797 1250 839 in
1295 846 1298 847 ⁷

79 860 232 916 ipsum
253 856 462 898 iudicium
482 868 614 911 saepe
631 853 905 906 delabantur,
939 858 954 877 ¹
984 863 1133 895 tamen
1148 863 1250 896 ante

82 916 299 959 iudicium
337 912 565 954 tractanda
605 910 863 963 videantur,
902 911 1154 969 paullulum
1199 927 1252 953 ea

84 988 241 1031 separo
272 986 296 1012 a
324 969 508 1019 iudiciis,
532 976 737 1024 tempore
755 968 895 1023 magis
916 968 1087 1024 agendi,
1118 983 1253 1025 quam

85 1025 448 1073 dissimilitudine
475 1024 662 1082 generis.
718 1025 840 1068 Nam
860 1026 1023 1076 omnia,
1056 1040 1169 1080 quae
1199 1026 1252 1068 de

84 1089 182 1131 iure
211 1085 344 1136 civili,
374 1091 450 1124 aut
478 1084 533 1125 de
561 1096 702 1137 aequo
726 1089 770 1123 et
794 1082 912 1125 bono
942 1083 1253 1139 disceptantur,

85 1145 250 1187 cadunt
292 1141 342 1183 in
391 1154 487 1181 eam
535 1138 754 1193 formam,
804 1141 825 1162 2
878 1141 925 1182 in
965 1154 1076 1195 qua,
1127 1140 1256 1195 quale

85 1200 192 1258 quid
229 1200 308 1251 sit,
348 1196 615 1252 ambigitur,
654 1195 709 1237 de
751 1210 838 1252 qua
875 1196 1035 1239 dicturi
1070 1212 1252 1239 sumus:

85 1272 198 1315 quae
225 1259 274 1299 in
305 1253 529 1312 aequitate
558 1262 600 1296 et
625 1253 724 1296 iure
751 1255 952 1297 maxime
981 1255 1192 1298 consistit.

198 1367 350 1413 XXX.
417 1366 470 1410 In
520 1367 728 1409 omnibus
781 1368 920 1424 igitur
982 1370 1125 1412 causis
1168 1378 1255 1412 tres

90 1433 195 1469 sunt
225 1426 416 1481 gradus3
459 1437 519 1466 ex
539 1424 700 1480 quibus
733 1439 851 1466 unus
884 1426 1045 1483 aliquis
1078 1425 1257 1484 capien—

89 1484 172 1525 dus
193 1489 282 1532 est,
312 1481 345 1523 si
367 1482 519 1537 plures
553 1495 645 1522 non
678 1495 836 1536 queam,
879 1482 933 1524 ad
952 1485 1257 1526 resistendum.

91 1541 210 1585 Nam
232 1549 307 1581 aut
330 1539 389 1579 ita
405 1536 735 1579 consistendum
759 1547 834 1589 est,
864 1548 913 1581 ut
931 1540 998 1590 id,
1028 1541 1145 1597 quod
1175 1540 1256 1582 ob·—

90 1597 268 1650 iicitur,
292 1595 456 1637 factum
484 1609 643 1651 nege33
681 1602 756 1637 aut
771 1594 905 1647 illud,
948 1600 1062 1653 quod
1091 1597 1256 1640 factum

90 1653 284 1703 fateare,
319 1666 450 1708 neges
469 1667 567 1693 eam
588 1652 683 1692 vim
702 1652 868 1695 habere
883 1686 894 1701 ‚
924 1663 1054 1710 atque
1078 1655 1120 1697 id
1148 1670 1255 1706 esse,

91 1710 212 1765 quod
233 1708 510 1752 adversarius
531 1708 817 1760 criminetur;
848 1718 944 1759 aut,
985 1712 1020 1754 si
1045 1727 1187 1768 neque
1204 1711 1258 1754 de

92 1766 239 1819 facto,
275 1781 421 1822 neque
454 1767 507 1807 de
527 1764 630 1808 facti
660 1767 950 1822 appellatione
985 1770 1146 1826 ambigi
1168 1786 1256 1828 po-

93 1831 195 1874 test,
224 1821 285 1872 id,
315 1822 433 1878 quod
460 1835 665 1877 arguere,
710 1827 724 1852 ³
751 1840 880 1881 neges
898 1826 981 1867 tale
1007 1843 1113 1877 esse,
1144 1843 1258 1885 qua·-

93 1882 136 1923 le
158 1879 234 1923 ille
257 1881 387 1932 dicat,
416 1887 458 1922 et
477 1887 652 1920 rectum
670 1894 778 1934 esse,
808 1882 925 1938 quod
944 1882 1117 1937 feceris,
1147 1900 1258 1928 con-

100 2061 193 2140 rnn)
214 2063 289 2141 'fgi-
319 2071 410 2143 reg-ts
421 2073 526 2144 bpost
556 2066 724 2103 Lambin.
749 2069 941 2103 Ernestius
966 2081 987 2103 e
1011 2072 1086 2105 Ms.
1104 2069 1185 2106 ΕΛ.
1204 2071 1260 2104 ed.

133 2119 152 2139 C
181 2133 188 2141 .
283 2119 329 2154 go
375 2123 418 2144 la
444 2122 556 2146 antur-

144 2172 180 2217 ιι)
204 2173 322 2220 Guelf.
342 2175 447 2210 addit
465 2190 652 2214 causarum.

144 2238 186 2282 5)
210 2238 329 2286 Gany.
350 2244 516 2288 arguitur.
561 2244 727 2280 Lambin.
750 2257 903 2291 arguare.
