1394 2503
467 134 654 172 'tomes
687 135 786 169 eAP.
814 146 842 170 ι.
1162 135 1228 177 2572

64 232 254 269 mecum,
282 224 334 258 ut
353 215 430 258 tibi
450 215 598 257 illam¹
628 215 862 264 traderem,
893 213 1030 268 egisti.
1072 213 1227 268 Quum

67 284 215 318 autem
254 288 335 330 ego
371 280 438 325 te,
485 287 577 313 non
616 279 706 313 tam
745 270 911 312 vitandi
948 271 1109 313 laboris
1139 272 1228 315 mei

66 334 216 382 eausa,
248 345 382 387 quam
411 329 527 386 quod
558 327 602 370 id
632 336 709 369 tua
739 327 946 370 iuteresse
974 328 1227 377 arbitrarer,

63 390 136 431 vel
166 395 215 429 ut
243 403 317 429 eos
347 402 427 444 per
453 393 496 426 te
526 386 617 445 ipse
654 386 842 440 legeres,
890 386 961 426 vel
1000 392 1050 426 ut
1087 392 1228 427 totam

65 446 284 490 rationem
315 459 340 484 a
363 442 610 485 doctissimo
640 442 830 498 quodam
859 442 1036 483 rhetore
1055 441 1229 499 accipe-

66 518 159 552 reS,
189 502 387 543 hortatus
417 514 579 542 essem:
619 507 880 555 utrumque,
912 506 963 539 ut
990 513 1048 540 ex
1068 506 1113 540 te
1141 513 1228 540 au·-

68 560 270 609 diebam‚
310 572 356 599 es
387 564 614 613 expertus.
682 555 766 598 Sed
790 571 816 598 a
844 555 967 598 libris
997 563 1041 596 te
1069 556 1230 598 obscua

69 617 175 659 ritas
204 614 368 659 reiecit.
432 613 604 659 Rhetor
641 621 788 655 autem
824 612 925 662 ille,
965 625 1150 668 magnus
1179 618 1229 656 ui

70 672 248 730 opinor,
302 671 410 717 haec
448 670 732 714 Aristotelica
766 672 788 694 2
826 684 874 710 se
911 671 1115 722 ignorare
1153 685 1231 712 re-

70 729 263 788 spondit.
320 727 455 784 Quod
484 725 662 783 quidem
690 725 877 769 minime
904 741 1006 768 sum
1033 726 1232 770 admira-

70 795 161 839 tus,
199 800 302 830 eum
331 783 644 843 philosophum
681 782 849 826 rhetori
886 797 977 825 non
1017 798 1112 824 esse
1152 797 1231 823 co·-

69 843 268 901 gnitum‚
301 842 378 899 qui
407 842 460 884 ab
489 841 593 897 ipsis
622 839 922 897 philosophis,
951 849 1124 896 praeter
1146 840 1230 882 ad-

69 901 259 943 modum
291 913 480 957 paucos‚
508 898 750 953 ignoretur.
779 899 794 924 3
856 896 1032 953 Quibus
1059 912 1111 938 eo
1140 897 1233 939 mi-

70 972 154 999 nus
183 955 501 1012 ignoscendum
531 961 618 1004 est,
658 953 775 1009 quod
812 969 903 996 non
935 955 1070 996 modo
1100 954 1233 999 rebus

69 1014 145 1065 iis,
183 1027 296 1067 quae
325 1014 380 1053 ab
409 1011 483 1056 illo
511 1010 648 1052 dictae
677 1017 719 1051 et
742 1010 945 1051 inventae
974 1019 1099 1063 sunt,
1129 1011 1233 1054 alli-

74 1070 113 1111 ci
144 1069 413 1119 debuerunt,
458 1067 533 1110 sed
572 1066 746 1108 dicendi
775 1081 951 1122 quoque
986 1068 1233 1111 incredibili

71 1126 265 1183 quadam
283 1140 421 1182 quum
440 1124 582 1181 copia,
608 1131 705 1168 tum
719 1124 848 1167 etiam
869 1124 1094 1167 suavitate.
1129 1125 1233 1168 Non

71 1183 200 1245 potui
228 1183 363 1238 igitur
383 1181 486 1234 tibi,
531 1180 704 1237 saepius
746 1180 831 1221 hoc
860 1182 1054 1237 roganti.
1093 1191 1135 1224 et
1162 1191 1233 1224 ta·-

71 1254 178 1284 men
197 1239 381 1290 verenti,
412 1253 469 1280 ne
488 1237 597 1280 mihi
616 1237 764 1292 gravis
780 1253 892 1279 esses
908 1253 921 1289 3
951 1238 1091 1288 (facile
1112 1239 1234 1281 enim

73 1297 118 1343 id
160 1296 443 1349 cernebam,)
492 1294 654 1338 debere
694 1293 882 1342 diutius,
939 1310 995 1336 ne
1028 1295 1115 1352 ipsi
1159 1295 1234 1337 iu·-

72 1354 137 1398 ris
164 1352 397 1411 interpreti
423 1351 522 1395 fieri
558 1351 787 1395 videretur
824 1352 997 1396 iniuria.
1055 1353 1235 1396 Etenim

69 1424 212 1465 quum
228 1417 276 1451 tu
293 1408 402 1454 mihi
419 1408 620 1467 meisque
638 1408 778 1452 multa
795 1423 925 1467 saepe
942 1409 1234 1465 scripsisses‚4

68 1467 242 1511 veritus
270 1481 390 1517 sum,
428 1481 505 1517 ne,
534 1466 572 1507 si
600 1479 680 1520 ego
710 1480 939 1520 gravarer,
976 1473 1054 1507 aut
1081 1466 1235 1524 ingra-

74 1531 176 1566 tum
204 1524 273 1576 id,
310 1531 385 1565 aut
412 1522 655 1580 superbum
677 1522 910 1563 videretur.
977 1521 1086 1575 Sed,
1126 1524 1236 1568 dum

75 1581 245 1627 fuimus
273 1595 385 1632 una,
420 1587 470 1621 tu
500 1579 692 1635 optimus
723 1593 768 1619 es
798 1580 942 1633 testis,
972 1593 1105 1637 quam
1133 1579 1237 1623 fue·

77 1638 165 1680 rim
202 1645 461 1695 occupatus:
518 1642 568 1678 ut
604 1644 754 1678 autem
799 1650 826 1676 a
865 1644 909 1678 te
946 1636 1144 1688 discessi,
1189 1637 1236 1680 in

73 1694 313 1736 'Graeciam
342 1691 644 1751 proficiscens,
669 1706 826 1749 quum
865 1707 1000 1749 opera
1030 1708 1130 1735 mea
1158 1708 1239 1737 uec

77 1763 149 1792 res
176 1750 350 1806 publica
376 1765 459 1791 nec
486 1749 616 1792 amici
648 1757 901 1801 uterentur,
940 1764 1020 1791 nec
1057 1750 1240 1792 honeste

80 1806 198 1848 inter
225 1821 349 1849 arma
380 1808 551 1849 versari
578 1820 776 1865 possem,
803 1821 861 1851 ne
889 1805 926 1848 si
948 1814 1042 1852 tuto
1062 1807 1108 1849 id
1138 1807 1237 1864 qui*

129 1968 162 2012 a)
188 1968 247 2001 Sic
265 1970 355 2005 Ern.
372 1980 417 2007 ex
435 1969 489 2003 ed.
516 1969 605 2006 Van.
621 1971 722 2007 1485.
756 1972 936 2024 [Plerique
953 1971 1029 2007 illa.

126 2033 164 2078 2)
184 2034 246 2068 ille
262 2046 404 2080 magnus
423 2037 507 2070 haec
517 2061 528 2077 ,
562 2043 599 2070 ut
615 2039 764 2084 opinor,
793 2039 1020 2076 Aristotelica
1040 2039 1129 2076 Erit.

129 2099 166 2144 ὅ)
190 2101 276 2134 Em.
299 2101 525 2146 ignoraretur.

73 2165 290 2247 ,ωξὶζεέξδθο
309 2169 382 2206 duo
414 2172 480 2207 01.
515 2171 587 2209 Ed.
617 2168 706 2210 P'eu.
732 2172 829 2210 Heri.
854 2170 942 2208 Αἶά.
970 2171 1101 2207 Victor.
1135 2168 1243 2208 multa
