1394 2503
228 159 294 195 DE
313 159 423 194 OPT.
446 157 555 196 GEN.
574 157 858 194 ORATORUM.
883 157 982 193 CAP.
1007 172 1040 204 7.
1150 158 1220 195 5811

51 239 379 288 Demosthenes
421 246 602 281 curator
644 236 783 279 muris
834 237 1082 279 reficiendis
1120 236 1220 289 fuit,

52 314 217 356 eosque
255 296 406 338 refecit
455 295 644 351 pecunia
681 302 770 336 sua'.
851 295 921 335 De
959 294 1042 336 hoc
1083 294 1219 350 igitur

50 355 292 412 Ctesiphon
322 353 477 395 scitum
510 352 624 400 fecit,
656 352 787 392 nuliis
818 353 872 393 ab
900 351 997 408 ipso
1028 351 1219 394 rationi-

48 415 133 457 bus
162 411 336 462 relatis,
372 416 422 451 ut
460 425 621 451 corona
663 424 797 450 aurea
841 408 1103 459 donaretur,
1142 424 1220 451 ea·-

50 485 138 527 que
168 467 349 512 donatio
378 466 506 508 fieret
537 467 582 508 in
611 466 807 515 theatro,
848 466 1012 523 populo
1047 481 1218 508 convo—

51 536 177 570 cato:
220 525 297 581 qui
337 524 458 566 locus
489 539 580 566 non
620 531 689 565 ‘est
720 524 941 566 concionis
973 524 1217 579 legitimae:

49 593 206 640 atque?
243 583 303 624 ita
355 581 707 639 praedicaretur,
777 594 904 624 EUM
962 591 1217 623 DONARI

51 652 374 684 VIRTUTIS
419 651 588 682 ERGO
641 650 1216 680 BE-vaoLENTlAE-

51 710 205 748 QUI-2,
247 708 328 746 QU
352 708 433 739 AM
467 708 639 738 ERGA
672 707 973 737 POPULUM
1017 707 1219 736 ATHE-

49 765 338 798 NIENSEM
375 763 674 795 HABERET.
735 754 872 795 Hunc
902 752 1040 808 igitur
1072 751 1218 793 Ctesi-

49 811 265 869 phontem
294 810 341 851 in
368 809 579 850 iudicium
609 808 789 852 adduxit
818 809 1072 858 Aeschines,
1101 807 1219 863 quod

53 875 212 909 contra
240 868 354 923 leges
385 865 654 923 scripsisset,
693 874 746 907 ut
777 875 818 908 et
853 866 1096 908 rationibus
1127 880 1220 906 non

53 924 207 968 relatis
237 938 405 966 corona
436 922 703 976 donaretur,
736 930 778 964 et
807 931 856 964 ut
884 924 930 964 in
959 922 1144 971 theatro,
1175 929 1221 963 et

51 982 173 1039 quod
223 980 277 1022 de
322 980 485 1022 virtute
532 979 625 1021 eius
676 987 719 1022 et
769 980 1064 1022 benivolentia
1111 979 1219 1020 falsa

49 1038 319 1095 scripsisset3
349 1036 558 1092 quoniam
573 1037 897 1080 Demosthenes
926 1051 1008 1078 nec
1034 1036 1104 1078 vir
1134 1036 1221 1077 bo-

50 1111 138 1138 nus
169 1102 296 1143 esset,
327 1109 408 1135 nec
439 1094 549 1134 bene
578 1095 760 1135 meritus
792 1094 846 1136 de
878 1093 1066 1135 civitate.
1099 1094 1220 1134 Cau-

52 1167 102 1193 sa
130 1152 224 1207 ipsa
256 1150 467 1193 abhorret
496 1150 569 1194 illa
608 1151 788 1206 quidem
829 1166 854 1192 a
882 1151 1078 1193 formula
1108 1166 1221 1192 con-

49 1208 298 1250 suetudinis
338 1215 536 1249 nostrae:
587 1209 663 1249 sed
713 1215 779 1251 est
817 1223 988 1264 magna.
1076 1208 1220 1249 Habet

51 1266 175 1307 enim
205 1272 247 1306 et
288 1264 437 1320 legum
478 1266 885 1320 interpretationem
914 1267 1014 1307 satis
1046 1273 1221 1307 acutam

52 1322 102 1365 iu
142 1329 377 1376 utramque
414 1329 608 1377 partem,
651 1331 693 1363 et
729 1324 996 1364 meritorum
1036 1323 1083 1364 in
1122 1336 1221 1363 rem

53 1377 280 1435 publicam
325 1379 648 1420 contentionem
682 1394 783 1421 sane
814 1395 1010 1434 gravem.
1068 1380 1222 1435 Itaque

53 1450 187 1477 causa
198 1433 420 1483 Aeschini,
438 1438 452 1456 ¹
477 1435 683 1489 quoniam
698 1437 789 1490 ipse
802 1451 824 1475 a
836 1436 1135 1478 Demosthene
1147 1451 1222 1477 es-

55 1500 123 1535 set
144 1491 298 1547 capitis
324 1498 569 1541 accusatus,
602 1493 718 1546 quod
738 1492 1002 1548 legationem
1030 1494 1221 1534 ementi-

58 1558 130 1591 «tus
153 1556 282 1593 esset,
310 1555 360 1588 ut
388 1547 628 1602 ulciscendi
657 1549 826 1604 inimici
857 1565 1008 1601 causa,
1038 1551 1219 1592 nomine

55 1604 374 1660 Ctesiphontis,
423 1605 635 1648 iudicium
675 1606 799 1649 fieret
838 1608 891 1648 de
922 1606 1045 1648 factis
1073 1608 1221 1647 fania-

54 1678 142 1718 que
173 1662 501 1706 Demosthenis,
567 1666 664 1706 Non
704 1664 821 1705 enirn
849 1672 939 1705 tan]
978 1664 1117 1705 multa
1149 1664 1221 1705 di·-

55 1719 125 1763 xit
163 1718 218 1759 de
256 1719 500 1760 rationibus
548 1735 636 1761 non
675 1722 841 1765 relatis,
889 1736 1018 1776 quarn
1060 1721 1113 1761 de
1155 1735 1222 1772 eo,

54 1774 175 1831 quod
220 1775 326 1815 civis
363 1775 615 1831 improbus,
658 1788 704 1819 ut
745 1779 966 1835 optimus,
1018 1777 1221 1819 laudatus

55 1840 184 1875 esset.
240 1833 370 1872 Hanc
400 1835 610 1875 mulctam
639 1835 879 1876 Aeschines
909 1851 931 1875 a
955 1834 1224 1888 Ctesiphon-

58 1899 102 1932 te
149 1889 277 1944 petiit
323 1890 614 1943 quadriennio
650 1900 751 1933 ante
784 1892 977 1948 Philippi
1010 1892 1223 1933 Macedo·-

58 1945 132 1987 nis
180 1953 392 1986 mortem:
449 1948 520 1988 sed
571 1948 785 1989 iudicium
824 1947 986 1989 facturn
1032 1957 1096 1989 est
1135 1949 1223 1990 ali-

55 2009 168 2057 quot
207 2003 331 2045 annis
372 2012 492 2060 post,
532 2005 787 2046 Alexandro
826 2006 911 2046 ian]
955 2005 1109 2047 Asiam
1154 2014 1223 2046 te-

56 2065 215 2100 nente:
254 2059 307 2100 ad
347 2060 466 2115 quod
515 2061 730 2104 iudicium
781 2078 1018 2104 concursus
1062 2062 1222 2105 dieitur

82 2250 91 2259 .
110 2201 155 2283 '12
178 2206 396 2284 Lctzlnzoinus:
434 2220 534 2242 cauca
561 2215 675 2243 autem
700 2208 764 2241 {uit
791 2207 977 2242 accusandi
1007 2208 1222 2252 Ctesiphon—-

62 2257 108 2284 ⁴11.
128 2274 138 2283 Δ
163 2263 215 2284 esc
244 2264 307 2284 im.
