1394 2503
450 158 642 195 TOPICA.
690 158 792 194 CAP.
821 158 875 193 18.
903 168 956 204 ις.
1220 171 1285 206 ²91

124 241 264 292 tibus,
291 239 462 281 ratione
493 238 658 281 utentia
689 238 870 280 rationis
901 236 1174 293 expertibus,
1203 251 1288 281 vo-

122 297 310 342 luntaria
332 296 582 338 necessariis
596 328 607 343 ‚
636 302 830 337 animata
848 294 1121 343 inanimatis,
1150 302 1286 337 natu-

123 355 233 399 ralia
256 369 342 395 non
359 352 645 398 naturalibus,
667 352 904 395 artificiosa
921 365 1007 392 non
1029 351 1283 395 artificiosis.

127 410 180 455 V
177 412 215 452 is
227 419 374 453 autem
389 411 433 451 in
450 410 776 467 comparatione
794 408 855 450 sic
873 408 1083 458 cernitur,
1093 409 1287 452 efficiens

124 483 255 511 causa
283 468 479 525 gravior,
529 482 662 522 quam
703 481 791 508 non
832 464 1051 517 efficiens3
1100 481 1212 521 quae
1241 480 1288 508 se

122 526 228 583 ipsis
253 531 455 566 contenta
478 532 600 574 sunt,
635 524 841 573 meliora,
874 536 1005 578 quam
1025 536 1136 578 quae
1158 531 1290 579 egent

125 583 246 634 aliis,
295 596 405 637 quae
433 581 478 622 in
510 590 679 628 nostia,
711 595 843 635 quam
875 594 987 634 qnae
1020 580 1065 620 in
1096 581 1289 622 aliorum

122 646 337 697 potestate
376 646 502 689 sunt3
553 638 721 679 stabilia
770 637 972 688 incertis3
1023 652 1134 692 quae
1176 635 1290 694 eripi

122 711 216 742 non
240 703 445 753 possunt,
476 694 551 744 iis,
580 709 692 750 quae
721 701 918 750 possunt.
979 694 1180 754 Affectio
1204 709 1288 736 au-

123 763 214 797 tem
238 753 291 794 ad
319 768 385 794 res
409 753 600 807 aliquas,
631 758 694 792 est
719 751 993 792 huiusmodi:
1036 750 1290 807 principum

122 809 357 853 commoda
376 811 568 856 maiora,
599 823 730 863 quam
754 808 1050 862 reliquorum3
1083 809 1289 864 itemque,

122 882 235 924 quae
261 865 541 915 iucundiora,
573 880 684 920 quae
714 865 915 920 pluribus
944 865 1148 921 probata,
1178 880 1292 922 quae

122 925 177 967 ab
208 924 378 981 optimo
418 937 593 977 quoque
630 922 817 963 laudata.
897 920 1064 977 Atque,
1106 932 1152 965 ut
1182 923 1291 965 haec

122 982 171 1024 in
200 979 534 1037 comparatione
565 980 770 1030 meliora,
811 977 872 1018 sic
895 977 1133 1029 deteriora,
1176 994 1291 1035 quae

123 1039 177 1082 iis
206 1045 311 1078 sunt
338 1036 574 1078 contraria.
632 1036 815 1077 Parium
841 1041 986 1077 autem
1016 1037 1291 1093 comparatio

124 1110 208 1138 nec
236 1094 470 1136 elationem
500 1093 656 1143 habet,
706 1107 786 1134 nec
816 1091 1187 1135 submissionem:
1226 1100 1292 1136 est

124 1152 245 1194 enim
273 1151 482 1208 aequalis·
556 1150 701 1191 Multa
735 1155 879 1190 autem
910 1156 1034 1200 sunt,
1075 1164 1185 1205 quae
1214 1165 1292 1193 ae-

124 1208 334 1265 qualitate
373 1207 467 1263 ipsa
513 1213 850 1262 comparantur:
875 1209 890 1229 ¹
941 1221 1054 1262 quae
1093 1208 1154 1249 ita
1195 1206 1292 1251 fere

123 1265 476 1308 concluduntur:
523 1263 571 1305 Si
588 1263 771 1305 consilio
788 1262 941 1305 iuvare
957 1264 1077 1305 cives
1096 1273 1138 1307 et
1155 1264 1293 1306 auxi-

122 1323 208 1373 lio,
247 1336 386 1377 aequa
415 1321 462 1363 in
491 1321 619 1362 laude
649 1319 904 1377 ponendum
935 1328 1022 1362 est:
1067 1321 1163 1377 pari
1193 1322 1291 1377 glo-

124 1379 191 1421 ria
213 1377 380 1428 ‚debent
409 1392 502 1419 esse
529 1377 584 1427 ii,
634 1378 709 1433 qui
740 1376 1000 1430 consulunt,
1043 1386 1086 1419 et
1115 1378 1168 1429 ii,
1216 1377 1293 1434 qui

124 1433 381 1478 defendunt.
440 1433 518 1487 At,
549 1435 666 1490 quod
697 1434 917 1491 primum,
945 1442 1034 1486 est3
1072 1435 1190 1489 quod
1221 1451 1294 1477 se-

125 1493 276 1548 quitur
303 1491 456 1547 igitur.
510 1490 708 1533 Perfecta
736 1497 802 1531 est
830 1491 974 1533 omnis
1003 1499 1293 1547 argumento—

124 1564 227 1592 rum
244 1548 618 1590 inveniendorum
638 1548 902 1606 praeceptio,
934 1555 995 1599 ut,
1026 1562 1164 1603 quum
1185 1563 1294 1604 pro-

124 1604 265 1649 fectus
294 1606 353 1648 sis
380 1619 405 1647 a
439 1604 714 1654 definitione,
754 1619 780 1645 a
804 1604 1056 1660 partitione,
1106 1621 1132 1646 a
1163 1613 1295 1648 nota-

123 1663 271 1710 tione,
302 1678 328 1704 a
358 1661 620 1718 coniugatis,
653 1677 678 1703 a
708 1675 890 1716 genere,
922 1676 947 1703 a
978 1661 1146 1713 forma,
1176 1677 1202 1703 a
1232 1662 1294 1704 si-

124 1719 398 1771 militudine,
432 1734 456 1760 a
486 1719 757 1767 differentia,
788 1732 813 1758 a
843 1719 1102 1767 contrariis,
1131 1719 1185 1760 ab
1213 1720 1293 1761 ad·-

127 1775 312 1825 iunctis,
354 1790 380 1817 a.
408 1776 794 1830 consequentibns,
845 1776 899 1815 ab
927 1776 1292 1825 antecedentibus,

128 1846 155 1872 a
183 1831 551 1887 repugnantibus,
584 1847 606 1873 a
631 1833 791 1882 causis,
823 1832 877 1874 ab
901 1831 1090 1882 effectis,
1121 1847 1145 1874 a
1170 1847 1293 1873 com—

126 1890 357 1945 paratione
387 1889 633 1939 maiorum,
663 1889 917 1933 minorum,
948 1888 1142 1944 parium,
1172 1889 1292 1931 nulla

127 1953 355 2001 praeterea
383 1944 506 1986 sedes
535 1946 785 2000 argumenti
826 1946 1076 2001 quaerenda
1112 1946 1181 1988 sit.

241 2045 365 2088 XIX.
424 2046 509 2088 Sed
539 2046 750 2102 quoniam
781 2048 838 2089 ita
867 2063 891 2089 a
931 2048 1148 2105 principio
1180 2047 1296 2089 divi-

129 2102 290 2154 simus,
339 2110 388 2144 ut
426 2104 535 2144 alios
573 2104 692 2145 locos
736 2104 977 2147 diceremus
1017 2106 1065 2146 in
1103 2119 1155 2146 eo
1183 2105 1294 2161 ipso,

180 2239 208 2277 ι)
234 2241 321 2273 Em.
344 2248 607 2286 comparentur,
639 2253 681 2274 cx
705 2242 759 2275 ed.
793 2243 876 2277 Vm.
