1394 2503
152 132 174 169 3
181 132 222 167 18
611 131 862 167 CICERONIS

153 219 302 255 autem
331 212 595 268 simplicium
625 211 1047 270 coniunctorumque
1078 212 1178 257 sunt
1205 214 1313 256 haec

153 270 348 326 quinque
377 270 497 325 quasi
521 270 702 321 lumina,
735 269 992 320 dilucidum,
1021 272 1169 321 breve,
1199 287 1313 330 pro·—

154 327 324 378 babile,
362 327 550 378 illustre,
581 341 725 369 suave.
780 328 1036 369 Dilucidum
1063 327 1113 370 fit
1140 329 1314 371 usitatis

154 383 324 435 verbis,
372 385 590 441 propriis,
641 384 879 441 dispositis,
913 388 927 408 ¹
1000 394 1073 427 aut
1115 384 1311 427 circum-

155 440 398 497 scriptione
440 441 670 493 conclusa,
723 449 798 483 aut
836 442 1191 496 intermissione,
1233 451 1311 484 aut

153 498 401 539 concisione
432 498 687 540 verborum.
748 498 1002 541 Obscurum
1030 506 1176 540 autem
1193 531 1206 552 ‚
1233 507 1311 542 aut

152 553 451 610 longitudine,
498 564 572 596 aut
615 557 916 598 contractione
960 556 1190 604 orationis,
1236 565 1310 599 aut

152 612 450 667 ambiguitate,
474 620 551 654 aut
579 611 814 654 inflexione
839 621 967 669 atque
997 613 1312 656 immutatione

150 669 407 711 verborum.
467 670 667 711 Brevitas
701 679 848 711 autem
877 669 1108 712 conficitur
1137 670 1314 727 simpli·

153 725 272 767 cibus
317 727 485 768 verbis:
524 727 659 770 semel
705 741 965 784 unaquaque
1016 743 1065 769 re
1110 727 1312 777 dicenda,

146 782 265 824 nulli
293 783 383 833 rei,
421 784 535 836 nisi,
575 793 620 826 ut
660 783 850 827 dilucide
879 785 1022 837 dicas,
1060 784 1310 827 serviendo.

151 839 385 883 Probabile
421 847 567 881 autem
600 855 737 896 genus
781 849 845 882 est
875 842 1112 894 orationis,
1152 843 1186 884 si
1215 856 1308 884 non

154 896 288 938 nimis
327 905 390 937 est
427 905 654 954 comptum
684 906 815 954 atque
856 898 1127 954 expolitum,
1175 899 1212 941 si
1243 907 1308 942 est

151 954 387 995 auctoritas
426 962 469 995 et
505 955 677 1010 pondus
712 956 760 997 in
801 956 969 997 verbis.
996 956 1033 996 si
1064 956 1307 997 sententiae

149 1011 223 1053 vel
263 1026 444 1066 graves,
486 1012 559 1053 vel
597 1020 722 1068 aptae
763 1012 1041 1068 opinionibus
1071 1014 1308 1055 hominum

151 1075 195 1108 et
233 1068 445 1110 moribus.
502 1069 689 1111 Illustris
729 1079 873 1112 autem
904 1071 1045 1111 oratio
1077 1078 1163 1120 est,
1198 1069 1234 1110 si
1263 1076 1308 1112 ct

153 1125 284 1166 verba
313 1126 527 1181 gravitate
556 1126 722 1167 delecta
749 1136 991 1182 ponuntur,
1024 1136 1065 1168 et
1082 1127 1305 1177 translata,

149 1190 192 1223 et
224 1182 470 1238 superlata,
509 1189 552 1224 et
587 1185 640 1224 ad
681 1199 843 1224 nomen
883 1182 1107 1233 adiuncta,
1144 1191 1188 1223 et
1218 1183 1306 1223 du-

148 1238 335 1297 plicata,
375 1247 418 1280 et
447 1239 563 1280 idem
591 1240 900 1296 significantia,
945 1246 1073 1294 atque
1116 1239 1168 1280 ab
1207 1240 1305 1296 ipsa

144 1296 316 1336 'actione
342 1303 472 1350 atque
500 1295 743 1337 imitatione
756 1311 906 1338 rerum
936 1311 1025 1337 non
1056 1296 1305 1337 abtim-ren:

145 1353 220 1393 tia.
281 1353 358 1393 Est
386 1353 507 1393 enim
537 1353 641 1394 haec
669 1368 771 1410 pars
800 1354 1032 1395 orationis.
1066 1368 1177 1408 quae
1206 1367 1303 1394 rem

147 1409 380 1450 constituat
406 1424 545 1464 paene
558 1417 658 1450 ante
688 1410 864 1460 oculos3
891 1411 926 1450 is
957 1410 1074 1451 enim
1107 1411 1303 1451 maxime

146 1473 298 1507 sensus
329 1467 572 1521 attingitur3
611 1467 683 1508 sed
715 1467 847 1508 ceteri
878 1475 1046 1514 tamen,
1079 1475 1122 1508 et
1149 1467 1303 1508 maxi-

144 1535 219 1564 :me
252 1537 378 1564 :mens
421 1523 516 1578 ipsa
537 1525 717 1566 moveri
751 1533 901 1580 potest.
979 1524 1061 1565 Sed
1096 1538 1207 1579 quae
1229 1523 1304 1565 di-

145 1588 216 1622 cta
239 1587 342 1621 sunt
372 1579 425 1620 de
456 1581 652 1622 oratione
679 1581 895 1626 dilucida,
926 1581 1083 1622 cadunt
1111 1581 1157 1621 in
1189 1579 1302 1621 hanc

142 1636 362 1679 illustrem
393 1639 552 1679 omnia.
605 1638 686 1678 Est
714 1639 832 1680 enim
860 1638 958 1693 plus
988 1636 1208 1691 aliquanto
1242 1636 1304 1678 il-

141 1694 302 1742 lusu-e,
341 1709 473 1750 quam
503 1694 607 1736 illud
645 1694 901 1736 dilucidum.
960 1692 1116 1736 Altero
1147 1692 1219 1744 fit,
1251 1700 1303 1734 ut

139 1751 462 1807 intelligamus,
493 1754 630 1792 altero
650 1767 768 1803 vei-o,
800 1759 847 1793 ut
876 1750 1027 1794 videre
1052 1750 1301 1792 videamur.

142 1808 284 1850 Suave
313 1816 462 1850 autem
487 1822 624 1863 genus
653 1810 735 1850 erit
767 1807 954 1861 dicendi,
983 1808 1181 1864 primum
1205 1807 1300 1848 ele-

139 1865 286 1922 gantia
322 1874 364 1908 et
397 1866 666 1907 iucunditate
702 1866 940 1908 verborum
977 1864 1225 1908 sonantium
1261 1869 1304 1906 et

186 2033 216 2077 ³]
261 2033 377 2079 Guelfi
411 2034 489 2068 ΕΓΖ.
530 2035 744 2077 compositis.
793 2033 865 2067 Sed
901 2040 995 2067 recte
1037 2032 1175 2066 monuit
1212 2033 1302 2065 Em.

225 2081 349 2123 aptius
368 2092 443 2113 esse
464 2082 650 2124 dispositis,
677 2081 763 2125 quia
778 2081 1018 2124 disponuntur
1034 2077 1141 2111 rerba
1164 2077 1220 2110 vel
1235 2089 1300 2122 per

220 2126 398 2169 periodos,
424 2125 481 2158 νε]
493 2138 559 2170 per
579 2126 755 2167 membra,
790 2127 983 2158 orationem
1004 2124 1217 2157 membratim
1237 2124 1298 2155 su·-

226 2182 315 2213 sam,
340 2183 432 2216 qnae
448 2179 500 2204 est
516 2172 551 2206 Ιι.
578 2172 602 2203 l.
628 2172 855 2210 intermissio,
894 2169 947 2203 vel
968 2183 1036 2216 per
1054 2170 1171 2217 incisa
1204 2180 1234 2203 ε.
1258 2175 1299 2202 ut

228 2218 284 2249 hic
301 2216 453 2258 dicitur,
479 2217 721 2251 concisionem
739 2217 938 2250 verborum.
