1394 2503
151 125 220 157 ἔδυ
603 119 857 156 CICERONIS

153 206 286 241 erunt
315 196 415 241 satis
444 205 616 255 aperta,
657 212 893 254 ponemus:
924 199 1128 255 quodque
1158 213 1216 242 ex
1244 198 1313 242 his

154 255 392 306 efficietur,
435 257 470 297 si
502 255 545 297 id
575 263 779 311 apertum
817 255 893 308 sit,
931 271 1021 297 non
1048 257 1310 299 habebimus

153 327 331 355 necesse.
358 328 533 368 semper
562 311 838 356 concludere.

236 372 290 412 F.
325 369 476 424 Quid?
508 369 605 418 illa,
636 383 746 425 quae
777 369 872 410 sine
900 377 992 411 arte
1021 371 1310 426 appellantur,

152 441 266 485 quae
303 427 561 468 iamdudum
593 434 814 482 assumpta
853 426 1026 471 dixisti,
1065 442 1305 483 ecquonam

150 483 308 534 modo,
339 497 580 538 ecquonam
611 486 705 524 loco
737 482 843 524 artis
872 484 1099 537 indigent?
1283 488 1296 497 ⁶

232 540 292 584 P.
322 540 398 581 Illa
429 556 534 581 vero
564 540 784 596 indigent:
823 555 902 581 nec
932 555 982 581 eo
1012 539 1216 583 dicuntur
1243 542 1307 583 si·-

148 612 208 642 ne
237 605 349 649 arte,
380 597 498 652 quod
526 597 586 639 ita
614 605 739 644 sunt,
771 597 844 639 sed
877 597 992 653 quod
1023 613 1074 638 ea
1102 612 1192 639 non
1222 612 1307 654 pa-

148 655 209 700 rit
238 655 420 696 oratoris
451 669 546 704 ars,
573 654 646 694 sed
678 653 782 697 foris
813 654 865 696 ad
896 670 950 695 se
969 655 1130 699 delata,
1161 663 1307 697 tamen

146 719 243 753 arte
272 718 444 763 tractat,
483 718 525 751 ct
552 711 750 752 maxime
787 711 835 753 in
864 711 1057 755 testibus.
1098 713 1233 754 Nam
1263 718 1308 753 et

148 768 205 810 de
255 775 343 809 toto
382 783 543 823 genere
589 767 788 818 testium,
831 783 964 824 quam
1001 768 1047 810 id
1087 768 1142 809 sit
1170 766 1306 810 infir—

144 838 300 873 mum„
329 839 456 880 saepe
486 824 720 866 dicendum
751 834 828 875 est3
858 833 897 867 et
928 832 1199 881 argumenta,
1229 840 1306 866 re-

147 896 252 926 rum
292 896 384 923 esse
430 881 632 937 propria,
678 882 951 934 testimonia,
998 884 1304 934 voluntatum3

145 938 449 993 utendumque
467 946 531 979 est
551 938 781 996 exemplis,
812 939 965 994 quibus
987 938 1171 980 testibus
1202 953 1305 980 cre-

145 996 290 1047 ditum
320 1010 412 1036 non
442 995 521 1045 sit3
552 1002 595 1035 et
622 996 675 1036 de
704 996 886 1050 singulis
915 995 1120 1045 testibus,
1152 994 1304 1037 sina—

143 1061 246 1095 tura
273 1052 389 1103 vani,
423 1050 457 1093 si
486 1051 622 1102 leves,
649 1052 684 1094 si
702 1064 816 1094 'cum
845 1053 1110 1108 ignominia,
1141 1052 1178 1093 si
1210 1068 1303 1110 spe,

143 1110 184 1153 si
212 1117 357 1158 metu,
388 1109 422 1150 si
451 1108 700 1157 iracundia,
731 1110 768 1150 si
797 1109 1095 1152 misericordia
1132 1109 1303 1167 impul-

144 1167 204 1217 si,
240 1167 277 1208 si
307 1165 534 1223 praemio,
573 1166 607 1206 si
637 1167 774 1221 gratia
800 1166 993 1209 adducti:
1034 1180 1300 1221 comparan-

142 1223 275 1279 dique
302 1223 530 1278 superiore
560 1237 661 1262 cum
691 1222 950 1264 auctoritate
978 1222 1167 1274 testium,
1197 1224 1302 1278 qui-

144 1280 227 1322 bus
276 1289 424 1321 tamen
475 1278 688 1319 creditum
733 1293 821 1320 non
868 1279 934 1321 sit.
1001 1279 1137 1335 Saepe
1166 1279 1301 1323 etiam

142 1335 470 1392 quaestionibus
501 1335 793 1376 resistendum
825 1343 913 1388 est,
950 1336 1070 1391 quod
1101 1341 1144 1376 et
1171 1336 1300 1378 dolo-

140 1408 238 1436 rem
289 1392 503 1448 fugientes
544 1392 670 1433 multi
716 1392 765 1434 in
814 1393 1048 1434 tormentis
1099 1393 1300 1445 ementiti

137 1464 349 1508 persaepe
377 1456 501 1498 sunt,
534 1448 731 1504 morique
760 1449 1012 1492 maluerunt
1038 1448 1202 1492 falsum
1230 1449 1303 1492 fa-

139 1508 286 1554 tendo,
317 1520 450 1560 quam
477 1504 706 1547 infitiando
737 1505 899 1548 dolere.
933 1510 947 1529 ¹
999 1505 1134 1547 Multi
1163 1507 1297 1549 etiam

142 1579 269 1606 suam
298 1564 431 1604 vitam
463 1562 777 1617 neglexerunt,
808 1572 856 1605 ut
885 1578 984 1613 eos,
1014 1562 1088 1617 quj
1117 1561 1187 1604 his
1216 1578 1296 1605 ca-

138 1622 305 1671 riores,
344 1634 478 1675 quam
507 1618 593 1675 ipsi
614 1619 695 1661 sibi
725 1627 888 1671 essent,
927 1619 1188 1670 liberarent3
1216 1621 1294 1662 alii

139 1685 289 1719 autem
319 1685 394 1718 aut
420 1682 578 1717 natura
608 1676 802 1731 corporis
820 1707 832 1726 ,
872 1683 947 1718 aut
975 1675 1293 1718 consuetudine

141 1733 344 1784 dolendi,
393 1740 467 1774 aut
504 1740 624 1774 metu
664 1732 866 1789 supplicii
917 1747 966 1774 ac
1007 1732 1162 1775 mortis
1199 1733 1293 1776 vim

136 1797 466 1833 tormentorum
495 1790 787 1844 pertulerunt}
833 1788 904 1830 alii
947 1789 1144 1832 ementiti
1189 1798 1292 1832 sunt

135 1848 185 1889 in
215 1863 313 1896 eos,
355 1860 464 1902 quos
495 1846 692 1887 oderant.
751 1845 899 1902 Atque
935 1845 1044 1888 haec
1073 1847 1293 1903 exemplis

139 1904 359 1947 firmanda
393 1910 510 1944 sunt.
582 1902 739 1957 Neque
779 1910 843 1944 est
890 1903 1146 1955 obscurum,
1186 1904 1294 1958 quin

135 1960 368 2017 (quoniam
395 1959 443 2000 in
479 1958 714 2016 utramque
740 1967 912 2017 partem
941 1967 1043 2003 sunt
1073 1960 1293 2017 exempla,

183 2158 216 2208 ι)
238 2158 340 2195 Male
365 2161 454 2194 Em.
485 2172 528 2194 ex
561 2164 651 2196 Mss.
676 2162 754 2197 ΕΓΖ.
779 2163 853 2197 Vit.
883 2168 917 2196 et
956 2163 1008 2196 ed.
1036 2163 1121 2199 ἴση.
1162 2160 1293 2206 recepit

136 2216 236 2250 quam
253 2217 374 2239 verum
388 2206 568 2242 infitiando
587 2207 720 2244 dolere.
