1394 2503
159 152 227 187 508
614 150 867 187 CLCERONIS

439 244 501 272 aa.
530 233 712 284 possitne
744 231 900 282 aliquid
931 235 1036 273 effici

444 290 511 328 bb.
542 288 883 341 quemadmodum
913 292 1094 345 quidque
1122 290 1208 330 fiat.

276 358 314 387 2.
346 347 444 398 quid
472 347 540 387 sit.
571 361 605 387 c.
640 359 703 398 19.

333 419 391 443 aa.
423 404 534 442 aliud
565 417 615 442 an
643 403 750 442 idem
783 403 837 441 sit

330 463 398 502 bb.
429 460 650 513 descriptio
680 461 854 512 generis·

278 522 319 560 3.
350 518 471 569 quale
500 517 568 559 sit.

333 589 395 615 aa.
419 575 681 626 simpliciter:
706 573 947 623 honestum,
977 575 1103 622 utile,
1133 586 1320 624 aequum.

333 633 402 673 bb.
438 646 501 682 ‘ex
556 632 881 683 comparatione:
941 632 1041 684 quid
1098 631 1321 680 honestius,

503 689 648 727 utilius
663 717 674 736 ‚
700 690 885 740 aequius-

275 747 316 789 ἱ).
345 746 530 786 actionis.
567 760 602 786 c.
635 756 702 786 20.

332 818 393 843 aa.
423 803 472 841 ad
499 804 700 842 rationem
731 801 859 841 officii

180 899 187 903 .
334 862 399 900 bb.
428 861 479 899 ad
511 860 708 899 sedandos
737 862 910 899 animos.

218 917 266 959 B.
321 918 488 956 finitum
536 931 568 956 s.
608 930 726 955 causa
776 932 810 957 c.
853 928 922 956 20.
989 914 1127 954 Huius
1175 928 1324 966 genera

387 981 486 1013 sunt

335 1043 372 1075 1.
404 1032 642 1078 exornatio,
681 1031 799 1070 cuius
841 1043 968 1081 quum
1003 1029 1089 1068 sint
1125 1029 1246 1080 plura
1280 1031 1325 1068 'et

442 1088 559 1127 varia
588 1101 755 1139 genera,
792 1087 862 1125 hic
898 1093 1056 1125 tantum
1086 1092 1323 1139 spectantur

439 1145 638 1185 laudandi
709 1144 1059 1197 vituperandique
1141 1144 1321 1182 rationes

441 1217 474 1242 c.
503 1198 705 1244 21—-25,

328 1268 369 1298 2.
399 1273 528 1312 genus
557 1258 896 1302 deliberativum,
933 1256 979 1294 in
1018 1268 1101 1306 quo
1138 1255 1320 1308 primum

442 1316 656 1368 quaeritur
1274 1334 1292 1344 x

385 1386 420 1412 a.
450 1373 550 1424 quid
578 1371 814 1410 suasoribus
844 1369 1044 1421 agendum
1074 1368 1128 1406 sit

442 1441 477 1470 1.
507 1430 558 1468 de
586 1429 765 1468 utilitate
806 1441 838 1464 c.
868 1427 935 1466 25.
958 1426 1027 1464 26.

436 1498 474 1526 2.
506 1487 557 1525 de
583 1486 744 1524 ratione
771 1483 978 1522 efficiendi
1006 1496 1040 1522 c.
1074 1492 1140 1531 27.

382 1543 423 1585 b.
455 1543 555 1594 quid
585 1542 916 1581 dissuadentibus
946 1553 979 1580 c.
1011 1534 1078 1580 28.

383 1615 414 1639 c.
443 1601 543 1652 quid
572 1600 736 1650 utrique
765 1609 982 1637 commune
1010 1595 1077 1640 sit.

326 1655 364 1698 5.
397 1672 524 1709 genus
555 1656 749 1696 iudiciale
782 1669 815 1693 c.
843 1666 897 1708 29
928 1665 1013 1703 sqq.
1044 1652 1089 1689 in
1117 1661 1200 1701 quo

383 1727 421 1757 1.
457 1715 654 1767 quaedam
696 1718 789 1751 ante
824 1710 1026 1750 iudicium
1071 1707 1225 1760 agenda
1279 1718 1317 1746 c.·

491 1785 557 1823 29.

380 1839 421 1870 2.
452 1830 497 1868 in
526 1829 624 1881 ipsis
654 1826 819 1866 iudiciis
848 1839 883 1865 c.
912 1821 966 1864 30
995 1836 1083 1875 sqq.

439 1901 474 1925 a.
502 1887 571 1924 vel
601 1885 754 1924 factum
787 1882 1030 1934 negandum.

427 1944 467 1983 b.
497 1943 564 1982 vel
603 1941 854 1993 negandum,
894 1939 1002 1990 quod
1041 1936 1206 1975 fatearis
1245 1932 1315 1972 fa·-

489 2007 600 2038 ctum
629 2013 728 2045 esse,
768 2011 855 2036 eam
884 1997 970 2035 vim
1001 1995 1169 2037 habere,
1200 1998 1239 2028 et
1267 1990 1313 2030 id

489 2070 578 2096 esse
616 2056 725 2107 quod
763 2054 1021 2093 adversarius
1060 2047 1313 2088 criminetur.

432 2127 467 2152 c.
506 2115 575 2153 vel
605 2120 760 2151 rectum
800 2125 884 2150 esse
914 2110 1023 2162 quod
1052 2106 1211 2150 seceris,
1239 2104 1314 2142 de·-

494 2170 818 2209 monstrandum.

147 2220 230 2260 Hic
264 2225 446 2276 primum
467 2230 471 2232 ’
494 2228 688 2268 universe
735 2225 959 2279 exponitur
1004 2216 1313 2273 disceptationio
