1394 2503
223 151 259 185 S.
282 150 346 184 DE
374 149 542 184 CLARIS
568 148 872 183 ORATORIBUS
895 149 997 183 CAP.
1026 149 1080 184 43.
1104 120 1160 184 4¹4.
1228 153 1274 196 69

111 231 230 272 enim
269 228 570 283 magistratum
613 239 744 268 nemo
780 240 992 282 umquam
1028 227 1262 270 Scaevola-

107 303 207 329 rum
238 285 405 342 petivit.
435 283 517 324 Sed
548 283 651 324 haec
664 281 810 325 Crassi
842 298 980 339 quum
1009 285 1122 326 edita
1154 300 1257 326 ora-

106 345 166 385 tio
189 350 274 393 est,
305 357 435 397 qnam
467 347 507 381 te
537 355 665 396 saepe
694 340 843 395 legisse
865 348 982 381 certo
997 342 1110 392 seio,
1143 355 1252 397 qua-

104 409 204 442 tuor
233 407 274 440 et
301 399 478 453 triginta
508 405 602 438 tum
631 396 814 439 habebat
844 412 1006 450 annos,
1042 399 1250 441 totidem-

103 472 187 513 que
216 455 342 497 annis
372 454 481 496 mihi
514 461 651 494 aetate
680 454 936 510 praestabat.
1014 456 1098 496 His
1128 457 1248 505 enim

103 513 349 555 consulibus
379 527 474 553 eam
503 511 644 564 legem
672 510 824 558 suasit,
865 511 1019 566 quibus
1051 513 1139 552 nati
1169 527 1247 554 su-

103 585 223 621 mus,
261 583 398 624 quum
440 568 531 624 ipse
568 575 678 608 esset
716 566 772 622 Q.
808 567 1029 623 Caepione
1067 570 1248 611 consule

103 634 255 675 natus.
286 633 326 666 et
343 626 390 668 C.
405 623 576 673 Laelio,
604 623 1080 680 triennioipsominor,
1115 641 1246 680 quam

102 682 330 724 Antonius.
362 679 662 736 Quodiccirco
679 681 831 736 posui,
863 688 930 729 ut,
963 682 1128 723 dicendi
1152 684 1244 724 La-

102 739 190 780 tine
217 740 359 794 prima
385 736 611 780 maturitas
640 736 686 777 in
717 752 804 793 qua
833 745 968 778 aetate
997 740 1242 792 exstitisset,

99 803 246 853 posset
272 796 436 845 notari3
479 800 522 836 et
558 793 876 848 intelligeretur
912 794 1003 835 iam
1032 796 1084 837 ad
1116 811 1244 838 sum-

100 866 223 892 mum
253 865 390 906 paene
417 867 508 892 esse
513 849 813 946 dperductam,
852 857 901 891 ut
927 866 978 891 eo
1011 852 1119 893 nihil
1151 852 1242 894 fer-

98 923 170 950 me
200 908 426 963 quisquam
456 907 508 949 ad
544 921 614 946 ere
643 916 808 962 posset,
848 907 933 948 nisi
973 909 1047 962 qui
1083 925 1107 950 a
1136 909 1242 965 phi-

98 964 315 1019 losophia,
346 979 372 1005 a
399 965 496 1006 iure
524 962 663 1014 civili,
693 964 745 1004 ab
774 963 956 1005 historia
983 964 1138 1007 fuisset
1166 966 1240 1007 in-

98 1021 318 1063 structior.

175 1131 344 1175 XLIV.
402 1131 526 1174 Erit?
562 1131 706 1187 inquit
742 1132 928 1181 Brutus;
970 1148 1027 1175 an
1055 1133 1145 1174 iam
1175 1140 1239 1174 est

91 1189 194 1235 iste,
226 1192 238 1211 ¹
269 1203 401 1243 quem
430 1190 688 1245 exspectas?

176 1246 357 1295 Nescio,
386 1247 580 1301 inquam.
641 1244 723 1287 Sed
754 1255 816 1288 est
844 1247 974 1288 etiam
1010 1246 1062 1287 L.
1091 1245 1238 1287 Crassi

88 1302 139 1344 in
177 1302 427 1353 consulatu,
474 1317 557 1358 pro
603 1303 657 1359 Q.
690 1302 932 1359 Caepione,
984 1301 1238 1343 defensione

90 1360 256 1410 iuncta,
285 1373 375 1399 non
404 1358 572 1410 brevis,
601 1368 648 1401 ut
674 1358 890 1409 laudatio,
921 1367 968 1401 ut
998 1359 1136 1400 ovatio
1153 1375 1236 1399 au-

91 1423 208 1464 tem,
248 1415 414 1464 brevis3
461 1423 680 1470 postrema
722 1417 911 1458 censoris
950 1417 1112 1466 oratio,
1151 1430 1237 1470 qua

91 1487 206 1513 anno
245 1471 744 1527 duodequinquagesimo
781 1487 884 1514 usus
921 1480 996 1513 est.
1081 1472 1129 1512 In
1167 1472 1236 1512 his

92 1528 292 1569 omnibus
320 1529 432 1569 inest
459 1528 633 1583 quidam
673 1530 769 1572 sine
797 1530 887 1571 ullo
917 1528 1017 1570 fuco
1043 1529 1236 1570 veritatis

91 1585 226 1627 color.
284 1583 403 1638 Quin
435 1586 563 1627 etiam
593 1585 945 1643 comprehensio,
977 1592 1018 1626 et
1047 1585 1235 1626 ambitus

91 1642 162 1682 ille
190 1642 448 1690 verborum,
480 1643 514 1683 si
547 1643 606 1683 sic
636 1644 867 1698 periodum
895 1641 1106 1698 appellari
1135 1642 1234 1697 pla-

90 1705 178 1746 cet,
215 1705 308 1738 erat
344 1698 457 1753 apud
497 1698 625 1740 illum
653 1707 896 1741 contractus
928 1708 967 1740 et
998 1698 1162 1749 brevis,
1192 1706 1234 1739 et

90 1752 137 1793 iu
175 1754 371 1794 membra
408 1755 642 1809 quaedam,
679 1771 789 1810 quae
825 1757 931 1798 κῶλα
963 1754 1118 1796 Graeci
1150 1770 1232 1796 vo-

91 1817 213 1859 cant,
244 1809 305 1852 dis
342 1810 519 1851 ertiebat
549 1813 788 1854 orationem
820 1812 1069 1855 lubentius(

174 1867 274 1907 Hoc
307 1824 404 1907 foco
438 1867 621 1920 Brutus,
660 1867 1025 1923 Quandoquidem
1052 1876 1101 1912 tu
1130 1867 1233 1910 istos

92 1930 308 1972 oratores,
338 1923 507 1977 inquit,
535 1932 760 1981 tantopere
774 1926 943 1967 laudas:
974 1925 1129 1967 vellem
1152 1925 1234 1964 ali-

93 1979 194 2031 quid
215 1979 433 2025 Antonio,
464 1988 636 2037 praeter
655 1982 777 2023 illum
809 1981 860 2023 de
889 1983 1057 2023 ratione
1085 1982 1236 2022 dicen-

95 2036 138 2075 di
165 2051 267 2076 sane
296 2037 454 2078 exiiem
486 2039 701 2090 libellum,
737 2040 867 2095 plura
896 2039 1052 2081 Cras-n
1082 2038 1237 2080 libuis-

140 2173 175 2214 ι)
203 2171 336 2216 Vulgo:
372 2175 465 2213 Erit,
493 2175 621 2217 iuquit,
648 2176 697 2210 M.
722 2178 867 2216 Brutus,
899 2184 955 2209 aut
985 2177 1049 2209 iam
1081 2183 1131 2210 est
1162 2177 1236 2209 iste-

91 2219 402 2264 NosHeusingeri
425 2222 703 2256 emendationem
726 2223 837 2255 secuti
861 2234 990 2255 sumus,
