<?xml version="1.0" encoding="UTF-8"?>
<!DOCTYPE html PUBLIC "-//W3C//DTD XHTML 1.0 Transitional//EN"
    "http://www.w3.org/TR/xhtml1/DTD/xhtml1-transitional.dtd">
<html xmlns="http://www.w3.org/1999/xhtml" xml:lang="en" lang="en">
 <head>
  <title>
</title>
<meta http-equiv="Content-Type" content="text/html;charset=utf-8" />
  <meta name='ocr-system' content='tesseract 3.04.00' />
  <meta name='ocr-capabilities' content='ocr_page ocr_carea ocr_par ocr_line ocrx_word'/>
</head>
<body>
  <div class='ocr_page' id='page_1' title='image "./operaquaesupers03ciceuoft/operaquaesupers03ciceuoft_0371.png"; bbox 0 0 1394 2503; ppageno 0'>
   <div class='ocr_carea' id='block_1_1' title="bbox 172 137 1220 195">
    <p class='ocr_par' dir='ltr' id='par_1_1' title="bbox 172 137 1220 195">
     <span class='ocr_line' id='line_1_1' title="bbox 172 137 1220 195; baseline -0.003 -7"><span class='ocrx_word' id='word_1_1' title='bbox 172 148 499 188; x_wconf 79' lang='lat' dir='ltr'>PARTITIONES</span> <span class='ocrx_word' id='word_1_2' title='bbox 519 148 814 184; x_wconf 75' lang='lat' dir='ltr'>ORATomAE.</span> <span class='ocrx_word' id='word_1_3' title='bbox 841 149 944 184; x_wconf 79' lang='lat' dir='ltr'><strong>cAP.</strong></span> <span class='ocrx_word' id='word_1_4' title='bbox 960 137 1016 185; x_wconf 78' lang='lat'><strong>35&#39;.</strong></span> <span class='ocrx_word' id='word_1_5' title='bbox 1039 153 1096 195; x_wconf 82' lang='lat'>57.</span> <span class='ocrx_word' id='word_1_6' title='bbox 1153 150 1220 185; x_wconf 76' lang='lat'>563</span> 
     </span>
    </p>
   </div>
   <div class='ocr_carea' id='block_1_2' title="bbox 58 227 1255 1768">
    <p class='ocr_par' dir='ltr' id='par_1_2' title="bbox 58 227 1255 1768">
     <span class='ocr_line' id='line_1_2' title="bbox 68 227 1224 284; baseline -0.006 -7"><span class='ocrx_word' id='word_1_7' title='bbox 68 234 175 276; x_wconf 81' lang='lat' dir='ltr'>situs</span> <span class='ocrx_word' id='word_1_8' title='bbox 217 229 433 272; x_wconf 83' lang='lat' dir='ltr'>videatur.</span> <span class='ocrx_word' id='word_1_9' title='bbox 492 228 576 269; x_wconf 87' lang='lat' dir='ltr'>Sed</span> <span class='ocrx_word' id='word_1_10' title='bbox 616 227 719 270; x_wconf 82' lang='lat' dir='ltr'>huic</span> <span class='ocrx_word' id='word_1_11' title='bbox 759 236 905 271; x_wconf 87' lang='lat' dir='ltr'>tamen</span> <span class='ocrx_word' id='word_1_12' title='bbox 947 228 1028 284; x_wconf 78' lang='lat' dir='ltr'>ipsi</span> <span class='ocrx_word' id='word_1_13' title='bbox 1059 227 1224 270; x_wconf 74' lang='lat' dir='ltr'>confu-</span> 
     </span>
     <span class='ocr_line' id='line_1_3' title="bbox 69 285 1225 347; baseline -0.004 -15"><span class='ocrx_word' id='word_1_14' title='bbox 69 289 278 347; x_wconf 84' lang='lat' dir='ltr'>giendum</span> <span class='ocrx_word' id='word_1_15' title='bbox 326 295 388 328; x_wconf 88' lang='lat' dir='ltr'>est</span> <span class='ocrx_word' id='word_1_16' title='bbox 429 285 483 326; x_wconf 80' lang='lat' dir='ltr'>ad</span> <span class='ocrx_word' id='word_1_17' title='bbox 525 285 750 339; x_wconf 84' lang='lat' dir='ltr'>aequitatis</span> <span class='ocrx_word' id='word_1_18' title='bbox 788 285 928 336; x_wconf 85' lang='lat' dir='ltr'>locos,</span> <span class='ocrx_word' id='word_1_19' title='bbox 976 285 1028 326; x_wconf 88' lang='lat' dir='ltr'>ad</span> <span class='ocrx_word' id='word_1_20' title='bbox 1070 300 1225 327; x_wconf 86' lang='lat' dir='ltr'>rerum</span> 
     </span>
     <span class='ocr_line' id='line_1_4' title="bbox 58 341 1228 398; baseline -0.003 -10"><span class='ocrx_word' id='word_1_21' title='bbox 58 342 677 393; x_wconf 55' lang='lat' dir='ltr'>&#39;iudicatarumauctoritatem</span> <span class='ocrx_word' id='word_1_22' title='bbox 708 341 890 384; x_wconf 85' lang='lat' dir='ltr'>affinem</span> <span class='ocrx_word' id='word_1_23' title='bbox 919 343 1114 397; x_wconf 80' lang='lat' dir='ltr'><strong>aliquam</strong></span> <span class='ocrx_word' id='word_1_24' title='bbox 1143 356 1228 398; x_wconf 88' lang='lat' dir='ltr'>pe-</span> 
     </span>
     <span class='ocr_line' id='line_1_5' title="bbox 67 399 1226 455; baseline -0.007 -7"><span class='ocrx_word' id='word_1_25' title='bbox 67 403 222 453; x_wconf 77' lang='lat' dir='ltr'>riculi:</span> <span class='ocrx_word' id='word_1_26' title='bbox 266 406 280 424; x_wconf 86' lang='lat'>¹</span> <span class='ocrx_word' id='word_1_27' title='bbox 322 414 646 455; x_wconf 85' lang='lat' dir='ltr'>communeque</span> <span class='ocrx_word' id='word_1_28' title='bbox 694 400 750 441; x_wconf 85' lang='lat' dir='ltr'>sit</span> <span class='ocrx_word' id='word_1_29' title='bbox 800 399 885 441; x_wconf 91' lang='lat' dir='ltr'>hoc</span> <span class='ocrx_word' id='word_1_30' title='bbox 926 408 1226 455; x_wconf 82' lang='lat' dir='ltr'>praeceptum,</span> 
     </span>
     <span class='ocr_line' id='line_1_6' title="bbox 72 455 1228 515; baseline -0.003 -12"><span class='ocrx_word' id='word_1_31' title='bbox 72 469 147 509; x_wconf 89' lang='lat' dir='ltr'>ut,</span> <span class='ocrx_word' id='word_1_32' title='bbox 188 474 328 515; x_wconf 89' lang='lat' dir='ltr'>quum</span> <span class='ocrx_word' id='word_1_33' title='bbox 367 465 551 511; x_wconf 83' lang='lat' dir='ltr'>uterque</span> <span class='ocrx_word' id='word_1_34' title='bbox 595 455 833 505; x_wconf 81' lang='lat' dir='ltr'>definierit,</span> <span class='ocrx_word' id='word_1_35' title='bbox 869 470 1002 511; x_wconf 84' lang='lat' dir='ltr'>quam</span> <span class='ocrx_word' id='word_1_36' title='bbox 1032 457 1228 499; x_wconf 67' lang='lat' dir='ltr'>maxime</span> 
     </span>
     <span class='ocr_line' id='line_1_7' title="bbox 73 512 1230 578; baseline -0.004 -19"><span class='ocrx_word' id='word_1_37' title='bbox 73 517 284 578; x_wconf 79' lang='lat' dir='ltr'>potuerit,</span> <span class='ocrx_word' id='word_1_38' title='bbox 303 514 629 556; x_wconf 82' lang='lat' dir='ltr'>accommodate</span> <span class='ocrx_word' id='word_1_39' title='bbox 641 516 662 536; x_wconf 85' lang='lat'>2</span> <span class='ocrx_word' id='word_1_40' title='bbox 683 512 734 554; x_wconf 83' lang='lat' dir='ltr'>ad</span> <span class='ocrx_word' id='word_1_41' title='bbox 749 528 1031 555; x_wconf 88' lang='lat' dir='ltr'>communem</span> <span class='ocrx_word' id='word_1_42' title='bbox 1047 528 1230 556; x_wconf 85' lang='lat' dir='ltr'>sensum</span> 
     </span>
     <span class='ocr_line' id='line_1_8' title="bbox 74 570 1230 629; baseline -0.004 -12"><span class='ocrx_word' id='word_1_43' title='bbox 74 578 256 629; x_wconf 86' lang='lat' dir='ltr'>vimque</span> <span class='ocrx_word' id='word_1_44' title='bbox 276 572 414 622; x_wconf 82' lang='lat' dir='ltr'>verbi,</span> <span class='ocrx_word' id='word_1_45' title='bbox 440 578 535 612; x_wconf 90' lang='lat' dir='ltr'>tum</span> <span class='ocrx_word' id='word_1_46' title='bbox 559 570 795 621; x_wconf 75' lang='lat' dir='ltr'>similibus,</span> <span class='ocrx_word' id='word_1_47' title='bbox 823 571 1128 626; x_wconf 81' lang='lat' dir='ltr'>exemplisque</span> <span class='ocrx_word' id='word_1_48' title='bbox 1152 586 1230 612; x_wconf 90' lang='lat' dir='ltr'>eo·—</span> 
     </span>
     <span class='ocr_line' id='line_1_9' title="bbox 76 626 1231 685; baseline -0.004 -13"><span class='ocrx_word' id='word_1_49' title='bbox 76 647 193 678; x_wconf 87' lang='lat' dir='ltr'>rum,</span> <span class='ocrx_word' id='word_1_50' title='bbox 218 629 294 685; x_wconf 88' lang='lat' dir='ltr'>qui</span> <span class='ocrx_word' id='word_1_51' title='bbox 305 630 367 670; x_wconf 73' lang='lat' dir='ltr'>ita</span> <span class='ocrx_word' id='word_1_52' title='bbox 387 628 788 679; x_wconf 81' lang='lat' dir='ltr'>locutisunt,suam</span> <span class='ocrx_word' id='word_1_53' title='bbox 812 626 1113 671; x_wconf 83' lang='lat' dir='ltr'>definitionem</span> <span class='ocrx_word' id='word_1_54' title='bbox 1125 642 1231 668; x_wconf 88' lang='lat' dir='ltr'>sen-</span> 
     </span>
     <span class='ocr_line' id='line_1_10' title="bbox 76 684 1234 741; baseline -0.004 -10"><span class='ocrx_word' id='word_1_55' title='bbox 76 690 347 741; x_wconf 79' lang='lat' dir='ltr'>tentiamque</span> <span class='ocrx_word' id='word_1_56' title='bbox 394 684 638 730; x_wconf 84' lang='lat' dir='ltr'>confirmet.</span> <span class='ocrx_word' id='word_1_57' title='bbox 702 684 852 739; x_wconf 80' lang='lat' dir='ltr'>Atque</span> <span class='ocrx_word' id='word_1_58' title='bbox 905 685 1145 726; x_wconf 65' lang='lat' dir='ltr'>accusatori</span> <span class='ocrx_word' id='word_1_59' title='bbox 1184 685 1234 726; x_wconf 87' lang='lat' dir='ltr'>iu</span> 
     </span>
     <span class='ocr_line' id='line_1_11' title="bbox 78 736 1235 799; baseline -0.007 -10"><span class='ocrx_word' id='word_1_60' title='bbox 78 746 163 789; x_wconf 86' lang='lat' dir='ltr'>hoc</span> <span class='ocrx_word' id='word_1_61' title='bbox 212 757 371 799; x_wconf 85' lang='lat' dir='ltr'><strong>genere</strong></span> <span class='ocrx_word' id='word_1_62' title='bbox 418 756 649 784; x_wconf 84' lang='lat' dir='ltr'>causarum</span> <span class='ocrx_word' id='word_1_63' title='bbox 694 742 813 784; x_wconf 88' lang='lat' dir='ltr'>locus</span> <span class='ocrx_word' id='word_1_64' title='bbox 850 741 925 783; x_wconf 84' lang='lat' dir='ltr'>ille</span> <span class='ocrx_word' id='word_1_65' title='bbox 971 736 1235 793; x_wconf 75' lang='lat' dir='ltr'>communis,</span> 
     </span>
     <span class='ocr_line' id='line_1_12' title="bbox 79 797 1236 853; baseline -0.003 -10"><span class='ocrx_word' id='word_1_66' title='bbox 79 803 263 845; x_wconf 84' lang='lat' dir='ltr'>minime</span> <span class='ocrx_word' id='word_1_67' title='bbox 298 815 392 842; x_wconf 85' lang='lat' dir='ltr'>esse</span> <span class='ocrx_word' id='word_1_68' title='bbox 430 797 779 847; x_wconf 81' lang='lat' dir='ltr'>concedendum,</span> <span class='ocrx_word' id='word_1_69' title='bbox 816 806 865 840; x_wconf 89' lang='lat' dir='ltr'>ut</span> <span class='ocrx_word' id='word_1_70' title='bbox 893 799 956 846; x_wconf 88' lang='lat' dir='ltr'>is,</span> <span class='ocrx_word' id='word_1_71' title='bbox 994 799 1071 853; x_wconf 86' lang='lat' dir='ltr'>qui</span> <span class='ocrx_word' id='word_1_72' title='bbox 1103 798 1157 840; x_wconf 84' lang='lat' dir='ltr'>de</span> <span class='ocrx_word' id='word_1_73' title='bbox 1185 813 1236 839; x_wconf 85' lang='lat' dir='ltr'>re</span> 
     </span>
     <span class='ocr_line' id='line_1_13' title="bbox 80 854 1238 912; baseline -0.004 -12"><span class='ocrx_word' id='word_1_74' title='bbox 80 858 369 907; x_wconf 83' lang='lat' dir='ltr'>confiteatur,</span> <span class='ocrx_word' id='word_1_75' title='bbox 415 856 541 899; x_wconf 80' lang='lat' dir='ltr'>verbi</span> <span class='ocrx_word' id='word_1_76' title='bbox 580 871 626 896; x_wconf 89' lang='lat' dir='ltr'>se</span> <span class='ocrx_word' id='word_1_77' title='bbox 669 855 1035 912; x_wconf 80' lang='lat' dir='ltr'>interpretatione</span> <span class='ocrx_word' id='word_1_78' title='bbox 1077 854 1238 896; x_wconf 85' lang='lat' dir='ltr'>defen-</span> 
     </span>
     <span class='ocr_line' id='line_1_14' title="bbox 83 911 1240 969; baseline -0.006 -10"><span class='ocrx_word' id='word_1_79' title='bbox 83 918 179 960; x_wconf 84' lang='lat' dir='ltr'>dat:</span> <span class='ocrx_word' id='word_1_80' title='bbox 217 914 424 956; x_wconf 85' lang='lat' dir='ltr'>defensor</span> <span class='ocrx_word' id='word_1_81' title='bbox 461 921 607 955; x_wconf 88' lang='lat' dir='ltr'>autem</span> <span class='ocrx_word' id='word_1_82' title='bbox 648 920 692 953; x_wconf 83' lang='lat' dir='ltr'>et</span> <span class='ocrx_word' id='word_1_83' title='bbox 723 925 796 959; x_wconf 88' lang='lat' dir='ltr'>ea,</span> <span class='ocrx_word' id='word_1_84' title='bbox 835 927 970 967; x_wconf 85' lang='lat' dir='ltr'>quam</span> <span class='ocrx_word' id='word_1_85' title='bbox 1008 911 1240 969; x_wconf 80' lang='lat' dir='ltr'>proposui,</span> 
     </span>
     <span class='ocr_line' id='line_1_15' title="bbox 83 969 1239 1028; baseline -0.006 -12"><span class='ocrx_word' id='word_1_86' title='bbox 83 973 299 1028; x_wconf 76' lang='lat' dir='ltr'>aequitate</span> <span class='ocrx_word' id='word_1_87' title='bbox 324 971 510 1019; x_wconf 78' lang='lat' dir='ltr'>nitatur,</span> <span class='ocrx_word' id='word_1_88' title='bbox 549 979 612 1020; x_wconf 85' lang='lat' dir='ltr'>et,</span> <span class='ocrx_word' id='word_1_89' title='bbox 653 984 704 1011; x_wconf 84' lang='lat' dir='ltr'>ea</span> <span class='ocrx_word' id='word_1_90' title='bbox 733 983 870 1024; x_wconf 88' lang='lat' dir='ltr'>quum</span> <span class='ocrx_word' id='word_1_91' title='bbox 906 984 1056 1011; x_wconf 83' lang='lat' dir='ltr'>secum</span> <span class='ocrx_word' id='word_1_92' title='bbox 1096 969 1239 1016; x_wconf 80' lang='lat' dir='ltr'>faeiat,</span> 
     </span>
     <span class='ocr_line' id='line_1_16' title="bbox 84 1026 1242 1085; baseline -0.003 -14"><span class='ocrx_word' id='word_1_93' title='bbox 84 1046 175 1074; x_wconf 85' lang='lat' dir='ltr'>non</span> <span class='ocrx_word' id='word_1_94' title='bbox 202 1044 264 1081; x_wconf 85' lang='lat' dir='ltr'>re,</span> <span class='ocrx_word' id='word_1_95' title='bbox 293 1029 366 1070; x_wconf 88' lang='lat' dir='ltr'>sed</span> <span class='ocrx_word' id='word_1_96' title='bbox 389 1027 702 1085; x_wconf 82' lang='lat' dir='ltr'>depravatione</span> <span class='ocrx_word' id='word_1_97' title='bbox 722 1026 847 1067; x_wconf 84' lang='lat' dir='ltr'>verbi</span> <span class='ocrx_word' id='word_1_98' title='bbox 875 1040 921 1066; x_wconf 86' lang='lat' dir='ltr'>se</span> <span class='ocrx_word' id='word_1_99' title='bbox 951 1026 1099 1082; x_wconf 83' lang='lat' dir='ltr'>urgeri</span> <span class='ocrx_word' id='word_1_100' title='bbox 1128 1041 1242 1081; x_wconf 89' lang='lat' dir='ltr'>que-</span> 
     </span>
     <span class='ocr_line' id='line_1_17' title="bbox 84 1083 1243 1141; baseline -0.006 -11"><span class='ocrx_word' id='word_1_101' title='bbox 84 1095 224 1132; x_wconf 80' lang='lat' dir='ltr'>ratur.</span> <span class='ocrx_word' id='word_1_102' title='bbox 284 1084 387 1139; x_wconf 85' lang='lat' dir='ltr'>Quo</span> <span class='ocrx_word' id='word_1_103' title='bbox 414 1086 463 1126; x_wconf 88' lang='lat' dir='ltr'>in</span> <span class='ocrx_word' id='word_1_104' title='bbox 491 1099 651 1141; x_wconf 82' lang='lat' dir='ltr'>genere</span> <span class='ocrx_word' id='word_1_105' title='bbox 667 1098 930 1141; x_wconf 78' lang='lat' dir='ltr'>percensere</span> <span class='ocrx_word' id='word_1_106' title='bbox 949 1083 1113 1140; x_wconf 85' lang='lat' dir='ltr'>poterit</span> <span class='ocrx_word' id='word_1_107' title='bbox 1144 1083 1243 1138; x_wconf 82' lang='lat' dir='ltr'>ple-—</span> 
     </span>
     <span class='ocr_line' id='line_1_18' title="bbox 85 1140 1243 1199; baseline -0.005 -12"><span class='ocrx_word' id='word_1_108' title='bbox 85 1159 244 1199; x_wconf 88' lang='lat' dir='ltr'>rosque</span> <span class='ocrx_word' id='word_1_109' title='bbox 290 1141 547 1184; x_wconf 87' lang='lat' dir='ltr'>inveniendi</span> <span class='ocrx_word' id='word_1_110' title='bbox 592 1141 724 1187; x_wconf 86' lang='lat' dir='ltr'>locos.</span> <span class='ocrx_word' id='word_1_111' title='bbox 793 1141 922 1186; x_wconf 68' lang='lat' dir='ltr'>Nam,</span> <span class='ocrx_word' id='word_1_112' title='bbox 943 1148 984 1181; x_wconf 89' lang='lat' dir='ltr'>et</span> <span class='ocrx_word' id='word_1_113' title='bbox 1029 1140 1243 1182; x_wconf 77' lang='lat' dir='ltr'>similibus</span> 
     </span>
     <span class='ocr_line' id='line_1_19' title="bbox 86 1197 1244 1252; baseline -0.005 -8"><span class='ocrx_word' id='word_1_114' title='bbox 86 1209 250 1249; x_wconf 83' lang='lat' dir='ltr'>utetur,</span> <span class='ocrx_word' id='word_1_115' title='bbox 272 1207 315 1241; x_wconf 86' lang='lat' dir='ltr'>et</span> <span class='ocrx_word' id='word_1_116' title='bbox 330 1197 574 1250; x_wconf 76' lang='lat' dir='ltr'>contrariis,</span> <span class='ocrx_word' id='word_1_117' title='bbox 604 1205 646 1240; x_wconf 91' lang='lat' dir='ltr'>et</span> <span class='ocrx_word' id='word_1_118' title='bbox 659 1197 1049 1252; x_wconf 83' lang='lat' dir='ltr'>consequentibus,</span> <span class='ocrx_word' id='word_1_119' title='bbox 1081 1204 1244 1252; x_wconf 51' lang='lat' dir='ltr'>quam-⁷</span> 
     </span>
     <span class='ocr_line' id='line_1_20' title="bbox 89 1254 1244 1316; baseline -0.002 -16"><span class='ocrx_word' id='word_1_120' title='bbox 89 1274 223 1316; x_wconf 86' lang='lat' dir='ltr'>quam</span> <span class='ocrx_word' id='word_1_121' title='bbox 263 1264 468 1312; x_wconf 84' lang='lat' dir='ltr'>uterque,</span> <span class='ocrx_word' id='word_1_122' title='bbox 515 1262 662 1295; x_wconf 85' lang='lat' dir='ltr'>tamen</span> <span class='ocrx_word' id='word_1_123' title='bbox 700 1269 826 1306; x_wconf 85' lang='lat' dir='ltr'>reus,</span> <span class='ocrx_word' id='word_1_124' title='bbox 866 1254 950 1295; x_wconf 85' lang='lat' dir='ltr'>nisi</span> <span class='ocrx_word' id='word_1_125' title='bbox 989 1255 1121 1309; x_wconf 82' lang='lat' dir='ltr'>plane</span> <span class='ocrx_word' id='word_1_126' title='bbox 1161 1254 1244 1298; x_wconf 83' lang='lat' dir='ltr'>erit</span> 
     </span>
     <span class='ocr_line' id='line_1_21' title="bbox 91 1310 1247 1367; baseline -0.004 -10"><span class='ocrx_word' id='word_1_127' title='bbox 91 1313 280 1358; x_wconf 82' lang='lat' dir='ltr'>absurda</span> <span class='ocrx_word' id='word_1_128' title='bbox 309 1328 449 1360; x_wconf 84' lang='lat' dir='ltr'>causa,</span> <span class='ocrx_word' id='word_1_129' title='bbox 478 1311 761 1367; x_wconf 80' lang='lat' dir='ltr'>frequentius.</span> <span class='ocrx_word' id='word_1_130' title='bbox 819 1310 1138 1366; x_wconf 77' lang='lat' dir='ltr'>Amplificandi</span> <span class='ocrx_word' id='word_1_131' title='bbox 1167 1326 1247 1352; x_wconf 86' lang='lat' dir='ltr'>au-</span> 
     </span>
     <span class='ocr_line' id='line_1_22' title="bbox 93 1368 1248 1425; baseline -0.003 -12"><span class='ocrx_word' id='word_1_132' title='bbox 93 1380 186 1414; x_wconf 89' lang='lat' dir='ltr'>tem</span> <span class='ocrx_word' id='word_1_133' title='bbox 224 1385 374 1421; x_wconf 85' lang='lat' dir='ltr'>causa,</span> <span class='ocrx_word' id='word_1_134' title='bbox 422 1385 556 1425; x_wconf 87' lang='lat' dir='ltr'>quae,</span> <span class='ocrx_word' id='word_1_135' title='bbox 597 1376 671 1410; x_wconf 75' lang='lat' dir='ltr'>aut</span> <span class='ocrx_word' id='word_1_136' title='bbox 705 1384 843 1425; x_wconf 86' lang='lat' dir='ltr'>quum</span> <span class='ocrx_word' id='word_1_137' title='bbox 883 1368 1194 1424; x_wconf 74' lang='lat' dir='ltr'>degredientur</span> <span class='ocrx_word' id='word_1_138' title='bbox 1222 1384 1248 1410; x_wconf 88' lang='lat' dir='ltr'>a</span> 
     </span>
     <span class='ocr_line' id='line_1_23' title="bbox 93 1424 1248 1481; baseline -0.002 -12"><span class='ocrx_word' id='word_1_139' title='bbox 93 1443 238 1478; x_wconf 85' lang='lat' dir='ltr'>causa,</span> <span class='ocrx_word' id='word_1_140' title='bbox 272 1427 357 1468; x_wconf 86' lang='lat' dir='ltr'>dici</span> <span class='ocrx_word' id='word_1_141' title='bbox 380 1427 534 1475; x_wconf 81' lang='lat' dir='ltr'>solent,</span> <span class='ocrx_word' id='word_1_142' title='bbox 565 1434 638 1466; x_wconf 78' lang='lat' dir='ltr'>aut</span> <span class='ocrx_word' id='word_1_143' title='bbox 661 1440 798 1480; x_wconf 79' lang='lat' dir='ltr'>quum</span> <span class='ocrx_word' id='word_1_144' title='bbox 828 1426 1112 1481; x_wconf 72' lang='lat' dir='ltr'>perorabunt,</span> <span class='ocrx_word' id='word_1_145' title='bbox 1143 1424 1248 1467; x_wconf 84' lang='lat' dir='ltr'>haec</span> 
     </span>
     <span class='ocr_line' id='line_1_24' title="bbox 98 1481 1251 1533; baseline -0.003 -5"><span class='ocrx_word' id='word_1_146' title='bbox 98 1487 168 1528; x_wconf 77' lang='lat' dir='ltr'>vel</span> <span class='ocrx_word' id='word_1_147' title='bbox 191 1485 242 1525; x_wconf 85' lang='lat' dir='ltr'>ad</span> <span class='ocrx_word' id='word_1_148' title='bbox 262 1484 432 1530; x_wconf 87' lang='lat' dir='ltr'>odium,</span> <span class='ocrx_word' id='word_1_149' title='bbox 465 1483 534 1523; x_wconf 71' lang='lat' dir='ltr'>vel</span> <span class='ocrx_word' id='word_1_150' title='bbox 553 1482 605 1522; x_wconf 76' lang='lat' dir='ltr'>ad</span> <span class='ocrx_word' id='word_1_151' title='bbox 623 1481 980 1533; x_wconf 59' lang='lat' dir='ltr'>misericordiam,</span> <span class='ocrx_word' id='word_1_152' title='bbox 1010 1483 1080 1523; x_wconf 81' lang='lat' dir='ltr'>vel</span> <span class='ocrx_word' id='word_1_153' title='bbox 1101 1483 1251 1524; x_wconf 87' lang='lat' dir='ltr'>omni-</span> 
     </span>
     <span class='ocr_line' id='line_1_25' title="bbox 97 1538 1251 1587; baseline -0.003 -3"><span class='ocrx_word' id='word_1_154' title='bbox 97 1557 156 1584; x_wconf 90' lang='lat' dir='ltr'>no</span> <span class='ocrx_word' id='word_1_155' title='bbox 218 1541 268 1582; x_wconf 90' lang='lat' dir='ltr'>ad</span> <span class='ocrx_word' id='word_1_156' title='bbox 315 1540 485 1581; x_wconf 80' lang='lat' dir='ltr'>animos</span> <span class='ocrx_word' id='word_1_157' title='bbox 544 1538 737 1580; x_wconf 75' lang='lat' dir='ltr'>iudicum</span> <span class='ocrx_word' id='word_1_158' title='bbox 788 1540 1030 1579; x_wconf 77' lang='lat' dir='ltr'>movendos</span> <span class='ocrx_word' id='word_1_159' title='bbox 1078 1554 1135 1580; x_wconf 81' lang='lat' dir='ltr'>ex</span> <span class='ocrx_word' id='word_1_160' title='bbox 1180 1539 1251 1587; x_wconf 84' lang='lat' dir='ltr'>iis,</span> 
     </span>
     <span class='ocr_line' id='line_1_26' title="bbox 96 1596 1254 1656; baseline -0.003 -15"><span class='ocrx_word' id='word_1_161' title='bbox 96 1614 208 1656; x_wconf 83' lang='lat' dir='ltr'>quae</span> <span class='ocrx_word' id='word_1_162' title='bbox 238 1605 339 1639; x_wconf 85' lang='lat' dir='ltr'>sunt</span> <span class='ocrx_word' id='word_1_163' title='bbox 366 1604 465 1637; x_wconf 73' lang='lat' dir='ltr'>ante</span> <span class='ocrx_word' id='word_1_164' title='bbox 494 1596 645 1653; x_wconf 73' lang='lat' dir='ltr'>posita,</span> <span class='ocrx_word' id='word_1_165' title='bbox 676 1603 918 1645; x_wconf 82' lang='lat' dir='ltr'>sumentur,</span> <span class='ocrx_word' id='word_1_166' title='bbox 949 1596 983 1636; x_wconf 92' lang='lat' dir='ltr'>si</span> <span class='ocrx_word' id='word_1_167' title='bbox 1014 1596 1144 1636; x_wconf 83' lang='lat' dir='ltr'>modo</span> <span class='ocrx_word' id='word_1_168' title='bbox 1178 1612 1254 1638; x_wconf 82' lang='lat' dir='ltr'>re-</span> 
     </span>
     <span class='ocr_line' id='line_1_27' title="bbox 98 1652 1255 1709; baseline -0.002 -12"><span class='ocrx_word' id='word_1_169' title='bbox 98 1671 199 1698; x_wconf 86' lang='lat' dir='ltr'>rum</span> <span class='ocrx_word' id='word_1_170' title='bbox 231 1654 510 1709; x_wconf 79' lang='lat' dir='ltr'>magnitudo,</span> <span class='ocrx_word' id='word_1_171' title='bbox 544 1652 829 1700; x_wconf 81' lang='lat' dir='ltr'>hominumve</span> <span class='ocrx_word' id='word_1_172' title='bbox 860 1660 935 1694; x_wconf 77' lang='lat' dir='ltr'>aut</span> <span class='ocrx_word' id='word_1_173' title='bbox 963 1652 1150 1703; x_wconf 74' lang='lat' dir='ltr'>invidia,</span> <span class='ocrx_word' id='word_1_174' title='bbox 1180 1661 1255 1695; x_wconf 87' lang='lat' dir='ltr'>aut</span> 
     </span>
     <span class='ocr_line' id='line_1_28' title="bbox 99 1710 561 1768; baseline -0.006 -14"><span class='ocrx_word' id='word_1_175' title='bbox 99 1712 286 1767; x_wconf 79' lang='lat' dir='ltr'>dignitas</span> <span class='ocrx_word' id='word_1_176' title='bbox 313 1710 561 1768; x_wconf 77' lang='lat' dir='ltr'>postulabit.</span> 
     </span>
    </p>
   </div>
   <div class='ocr_carea' id='block_1_3' title="bbox 104 1822 1259 1996">
    <p class='ocr_par' dir='ltr' id='par_1_3' title="bbox 104 1822 1259 1996">
     <span class='ocr_line' id='line_1_29' title="bbox 216 1822 1258 1879; baseline -0.001 -14"><span class='ocrx_word' id='word_1_177' title='bbox 216 1822 454 1866; x_wconf 82' lang='lat' dir='ltr'>XXXVII.</span> <span class='ocrx_word' id='word_1_178' title='bbox 512 1823 567 1866; x_wconf 89' lang='lat' dir='ltr'>F.</span> <span class='ocrx_word' id='word_1_179' title='bbox 596 1823 752 1865; x_wconf 82' lang='lat' dir='ltr'>Habeo</span> <span class='ocrx_word' id='word_1_180' title='bbox 781 1823 883 1866; x_wconf 74' lang='lat' dir='ltr'>ista:</span> <span class='ocrx_word' id='word_1_181' title='bbox 915 1837 1034 1865; x_wconf 87' lang='lat' dir='ltr'>nunc</span> <span class='ocrx_word' id='word_1_182' title='bbox 1055 1838 1120 1876; x_wconf 86' lang='lat' dir='ltr'>ea,</span> <span class='ocrx_word' id='word_1_183' title='bbox 1148 1838 1258 1879; x_wconf 87' lang='lat' dir='ltr'>quae</span> 
     </span>
     <span class='ocr_line' id='line_1_30' title="bbox 104 1880 1259 1938; baseline -0.001 -15"><span class='ocrx_word' id='word_1_184' title='bbox 104 1895 264 1938; x_wconf 88' lang='lat' dir='ltr'>quum,</span> <span class='ocrx_word' id='word_1_185' title='bbox 295 1880 423 1935; x_wconf 79' lang='lat' dir='ltr'>quale</span> <span class='ocrx_word' id='word_1_186' title='bbox 452 1881 507 1923; x_wconf 87' lang='lat' dir='ltr'>sit</span> <span class='ocrx_word' id='word_1_187' title='bbox 534 1882 776 1938; x_wconf 75' lang='lat' dir='ltr'>quippiam,</span> <span class='ocrx_word' id='word_1_188' title='bbox 807 1881 1092 1934; x_wconf 77' lang='lat' dir='ltr'>disceptatur,</span> <span class='ocrx_word' id='word_1_189' title='bbox 1124 1896 1259 1936; x_wconf 87' lang='lat' dir='ltr'>quae-</span> 
     </span>
     <span class='ocr_line' id='line_1_31' title="bbox 104 1936 1163 1996; baseline -0.002 -15"><span class='ocrx_word' id='word_1_190' title='bbox 104 1939 147 1981; x_wconf 85' lang='lat' dir='ltr'>ri</span> <span class='ocrx_word' id='word_1_191' title='bbox 177 1953 235 1979; x_wconf 83' lang='lat' dir='ltr'>ex</span> <span class='ocrx_word' id='word_1_192' title='bbox 260 1944 446 1992; x_wconf 79' lang='lat' dir='ltr'>utraque</span> <span class='ocrx_word' id='word_1_193' title='bbox 474 1945 598 1996; x_wconf 85' lang='lat' dir='ltr'>parte</span> <span class='ocrx_word' id='word_1_194' title='bbox 627 1939 801 1990; x_wconf 76' lang='lat' dir='ltr'>deceat,</span> <span class='ocrx_word' id='word_1_195' title='bbox 831 1936 965 1984; x_wconf 83' lang='lat' dir='ltr'>velim</span> <span class='ocrx_word' id='word_1_196' title='bbox 993 1937 1163 1983; x_wconf 80' lang='lat' dir='ltr'>audire.</span> 
     </span>
    </p>
   </div>
   <div class='ocr_carea' id='block_1_4' title="bbox 153 2124 1076 2176">
    <p class='ocr_par' dir='ltr' id='par_1_4' title="bbox 153 2124 1076 2176">
     <span class='ocr_line' id='line_1_32' title="bbox 153 2124 1076 2176; baseline 0 -18"><span class='ocrx_word' id='word_1_197' title='bbox 153 2124 192 2168; x_wconf 78' lang='grc' dir='ltr'>ι)</span> <span class='ocrx_word' id='word_1_198' title='bbox 216 2127 280 2157; x_wconf 83' lang='lat' dir='ltr'>Ita</span> <span class='ocrx_word' id='word_1_199' title='bbox 298 2125 438 2158; x_wconf 76' lang='lat' dir='ltr'>correxi</span> <span class='ocrx_word' id='word_1_200' title='bbox 454 2124 551 2171; x_wconf 79' lang='lat' dir='ltr'>vulg.</span> <span class='ocrx_word' id='word_1_201' title='bbox 571 2126 613 2159; x_wconf 79' lang='lat' dir='ltr'>ad</span> <span class='ocrx_word' id='word_1_202' title='bbox 632 2126 735 2176; x_wconf 67' lang='lat' dir='ltr'>finem</span> <span class='ocrx_word' id='word_1_203' title='bbox 751 2125 901 2170; x_wconf 79' lang='lat' dir='ltr'>aliquem</span> <span class='ocrx_word' id='word_1_204' title='bbox 917 2124 1076 2168; x_wconf 84' lang='lat' dir='ltr'>periculi.</span> 
     </span>
    </p>
   </div>
   <div class='ocr_carea' id='block_1_5' title="bbox 112 2188 1267 2281">
    <p class='ocr_par' dir='ltr' id='par_1_5' title="bbox 112 2188 1267 2281">
     <span class='ocr_line' id='line_1_33' title="bbox 155 2188 1267 2237; baseline -0.001 -15"><span class='ocrx_word' id='word_1_205' title='bbox 155 2190 189 2232; x_wconf 84' lang='lat'>2)</span> <span class='ocrx_word' id='word_1_206' title='bbox 221 2189 438 2223; x_wconf 75' lang='lat' dir='ltr'>Vocabulum</span> <span class='ocrx_word' id='word_1_207' title='bbox 466 2192 743 2233; x_wconf 80' lang='lat' dir='ltr'>accommodate,</span> <span class='ocrx_word' id='word_1_208' title='bbox 786 2191 881 2237; x_wconf 78' lang='lat' dir='ltr'>quod</span> <span class='ocrx_word' id='word_1_209' title='bbox 904 2190 1013 2235; x_wconf 74' lang='lat' dir='ltr'>vulgo</span> <span class='ocrx_word' id='word_1_210' title='bbox 1037 2188 1160 2231; x_wconf 75' lang='lat' dir='ltr'>abest,</span> <span class='ocrx_word' id='word_1_211' title='bbox 1197 2199 1267 2221; x_wconf 72' lang='lat' dir='ltr'>au-</span> 
     </span>
     <span class='ocr_line' id='line_1_34' title="bbox 112 2235 589 2281; baseline 0.008 -14"><span class='ocrx_word' id='word_1_212' title='bbox 112 2240 205 2269; x_wconf 71' lang='lat' dir='ltr'>ctore</span> <span class='ocrx_word' id='word_1_213' title='bbox 224 2235 419 2281; x_wconf 64' lang='lat' dir='ltr'>Lambino,</span> <span class='ocrx_word' id='word_1_214' title='bbox 444 2237 589 2272; x_wconf 77' lang='lat' dir='ltr'>inserui.</span> 
     </span>
    </p>
   </div>
  </div>
 </body>
</html>
