1394 2503
186 201 230 235 46
529 183 784 233 eicnnoms
808 198 998 235 BRUTUS

187 288 255 322 tus
286 284 418 320 esset:
471 276 611 319 oratio
655 286 803 320 autem
827 278 901 320 vel
938 279 1104 337 optima
1141 287 1250 322 esset
1286 280 1344 323 il-

186 338 228 379 lo
259 334 438 391 quidem
465 343 664 392 ternpore
697 334 945 378 orationum
978 338 1196 380 omnium.
1256 337 1344 380 Sed

187 407 268 437 nec
323 392 538 433 eiusmodi
584 399 673 441 est,
744 399 794 433 ut
841 406 868 433 a
912 393 1112 450 pluribus
1154 398 1170 418 ¹
1231 410 1342 437 con·-

186 449 285 492 fusa
322 449 545 500 videatur3
594 449 737 505 (unus
775 447 894 489 enim
933 465 1067 492 sonus
1107 458 1171 492 est
1210 452 1341 493 totius

187 505 414 555 orationis,
445 513 487 546 et
513 505 632 546 idem
661 504 841 562 filum3)
865 507 888 529 2
914 521 994 547 nec
1024 507 1078 548 de
1094 508 1242 549 Persio
1265 522 1341 549 re—

185 563 378 605 ticuisset
416 562 666 612 Gracchus,
725 577 862 617 quum
902 562 943 604 ei
982 567 996 591 ³
1042 564 1240 607 Fannius
1287 564 1341 606 de

186 620 390 661 Menelao
421 619 708 670 Maratheno,
749 626 792 659 et
820 619 871 660 de
901 620 1054 662 ceteris
1091 620 1337 663 obiecisset:

221 676 445 719 raesertim
482 689 615 729 quum
646 676 843 716 Fannius
881 691 1126 732 numquam
1165 677 1220 718 sit
1257 678 1339 719 ha-

186 694 302 776 liitus
343 733 540 786 elinguis.
610 732 730 772 Nam
771 740 812 773 et
852 747 1000 775 causas
1049 733 1340 785 defmsitavit,

187 799 232 833 et
268 789 517 831 tribunatus
556 788 669 840 eius,
712 788 892 830 arbitrio
930 798 971 832 et
1008 790 1260 832 auctoritate
1288 790 1339 832 P.

185 845 390 891 Africani
435 853 600 900 gestus,
651 860 741 887 non
790 846 1000 889 obscurus
1048 846 1144 888 fuit.
1212 846 1341 888 Alter

187 912 334 947 autem
363 901 411 943 C.
439 902 655 953 Fannius,
691 901 758 944 M.
788 902 926 955 filius,
958 904 1007 945 C.
1026 903 1163 945 Laelii
1191 917 1340 960 gener,

187 969 231 1002 et
270 959 490 1010 moribus,
541 966 584 1000 et
624 959 720 1015 ipso
761 974 920 1015 genere
963 960 1133 1002 dicendi
1173 959 1338 1001 durior.

184 1019 226 1060 Is
256 1017 394 1060 soceri
423 1015 641 1066 instituto,
679 1018 857 1070 (quem,
897 1016 1001 1072 quia
1030 1024 1256 1074 cooptatus
1291 1016 1340 1058 in

186 1071 406 1130 auguruni
436 1072 670 1128 collegium
699 1088 791 1115 non
821 1080 934 1123 erat,
976 1089 1067 1115 non
1105 1073 1339 1115 admodum

187 1130 413 1186 diligebat,
451 1129 709 1186 praesertim
740 1144 876 1185 quum
905 1130 977 1172 ille
1006 1129 1060 1184 Q.
1088 1130 1338 1172 Scaevolam

187 1188 270 1230 sibi
298 1186 518 1227 minorem
555 1194 661 1226 natu
695 1200 902 1240 generum
930 1187 1226 1243 praetulisset:
1268 1185 1337 1228 cui

185 1251 336 1288 tamen
374 1246 396 1271 4
438 1242 615 1285 Laelius
658 1256 704 1283 se
753 1257 986 1293 exc-asans,
1045 1258 1133 1284 non
1175 1257 1337 1299 genero

184 1300 352 1345 minori
380 1299 490 1351 dixit
518 1315 563 1340 se
592 1298 724 1350 illud,
763 1299 837 1341 sed
865 1299 1026 1341 majori
1055 1299 1171 1342 filiae
1208 1299 1338 1340 detu-

184 1359 334 1410 lisse3)
370 1357 404 1399 is
433 1364 602 1403 tamen,
643 1356 843 1398 instituto
873 1355 1039 1407 Laelii,
1077 1355 1334 1399 Panaetium

184 1414 422 1458 audiverat.
477 1413 586 1455 Eius
616 1413 761 1454 omnis
789 1412 836 1453 in
863 1412 1043 1455 dicendo
1072 1411 1250 1456 facultas
1279 1427 1335 1454 ex

183 1471 368 1516 historia
390 1470 525 1527 ipsius
550 1484 641 1510 non
666 1468 931 1525 ,ineleganter
957 1471 1119 1525 scripta
1142 1470 1336 1526 perspici

183 1537 348 1587 polest:
388 1542 498 1583 quae
535 1541 677 1582 neque
712 1526 844 1568 nimis
883 1534 949 1567 est
984 1526 1149 1575 infans,
1192 1542 1335 1582 neque

184 1585 379 1644 perfecte
407 1583 576 1625 diserta.
629 1582 808 1624 Mucius
837 1591 983 1625 autem
1013 1598 1173 1640 augur,
1214 1583 1333 1638 quod

182 1659 267 1702 pro
298 1657 342 1683 se
373 1655 483 1698 opus
514 1646 629 1691 erat,
667 1639 758 1695 ipse
796 1638 987 1685 dicebat.
1019 1642 1034 1667 ⁵
1073 1647 1122 1680 ut
1161 1639 1214 1680 de
1249 1654 1333 1696 pe-

182 1699 324 1742 cuniis
368 1695 619 1756 repetundis
664 1704 815 1738 contra
859 1695 916 1737 T.
957 1696 1212 1739 Albucium.
1292 1696 1332 1737 Is

184 1764 414 1801 oratorum
452 1754 499 1795 in
536 1767 722 1795 numero
761 1768 855 1796 non
890 1752 1001 1806 fuit3
1042 1753 1152 1796 iuris
1191 1751 1333 1795 civilis

233 1915 266 1958 1)
292 1916 379 1947 Ern.
396 1913 544 1957 frustra
572 1910 815 1955 corrigendum
834 1908 992 1954 putabat
1017 1922 1036 1943 e
1060 1907 1228 1952 pluribus.

231 1972 270 2013 2)
293 1972 351 2003 Sic
374 1971 463 2002 Em.
491 1974 574 2011 post
609 1968 740 2002 Victor.
768 1973 861 2000 recte
892 1965 1150 2000 emendandum
1187 1963 1333 1997 censuit.

187 2016 303 2062 Vulgo
331 2015 422 2048 idem
453 2014 564 2050 stilus,

228 2076 266 2119 5)
292 2074 350 2107 Sic
378 2070 495 2109 Guels'.
533 2068 648 2114 Vulgo
674 2081 776 2113 quum
803 2075 838 2103 et
863 2068 1030 2104 Fannius.

227 2132 266 2175 ,4)
290 2131 345 2163 cui
371 2138 442 2162 tum
468 2127 605 2160 Laelius
631 2124 749 2170 Guels.
781 2137 810 2158 1.

226 2189 260 2230 5)
285 2187 458 2220 Corradus
471 2183 625 2216 malebat
638 2183 730 2225 quod
749 2194 834 2226 opus
845 2188 927 2220 orat,
938 2193 1000 2226 per
1011 2181 1142 2224 seipse.
1166 2164 1332 2213 Lambin.

183 2234 277 2277 quod
305 2245 390 2276 opus
416 2237 499 2269 erat,
526 2229 598 2274 ipse
618 2239 680 2273 por
707 2239 754 2262 se.
788 2230 958 2261 1·'ortasse
976 2227 1110 2259 verius:
1135 2226 1229 2272 quod
1246 2236 1332 2271 opu&

182 2286 273 2320 urat,
298 2290 360 2323 pro
389 2287 425 2310 se
449 2276 534 2321 ipse.
