1394 2503
173 147 242 180 550
677 140 935 179 CICERONIS

176 223 331 282 Quave
358 235 616 280 proponere
635 252 648 275 ‚
676 237 767 279 qua
793 231 943 266 mente
974 223 1101 277 dicat,
1130 226 1236 282 quid
1266 243 1346 272 vo—

166 283 247 326 lit.
277 281 436 338 quibus
468 280 522 321 de
550 280 685 323 rebus
714 278 911 323 dicturus
941 280 1023 331 sit,
1053 281 1205 334 debet,
1233 282 1346 327 hor-

171 340 344 395 tarique
382 337 437 379 ad
476 353 524 380 se
562 338 755 381 breviter
801 337 1019 381 dicentem
1059 340 1343 385 audiendum.

171 397 291 440 Tota
328 404 479 438 autem
524 395 689 448 oratio,
737 395 953 451 simplex,
1006 403 1050 438 et
1092 398 1264 454 grav-is,
1303 407 1346 443 et

172 453 400 496 sententiis
430 453 560 494 debet
588 452 785 496 ornatior
819 468 911 496 esse
928 484 938 502 ,
972 467 1108 510 quam
1137 456 1296 500 vorbis.

284 566 457 609 XXIX.
517 566 573 611 F.
614 567 815 625 Cognovi
863 565 954 610 iam
992 566 1270 611 laudationis.
1300 579 1344 613 et

168 623 386 667 suasionis
426 624 563 667 locos.
621 625 784 676 Nunc,
814 639 926 679 quae
963 624 1135 667 iudiciis
1164 636 1345 668 accom-

168 682 344 725 modata
376 682 486 734 sint,
517 689 751 741 exspect03
781 682 914 739 idque
943 682 1067 725 nobis
1097 696 1236 740 genus
1265 698 1344 726 re-

168 748 282 783 stare
312 753 454 780 unum
484 746 607 796 puto.

279 795 336 838 P.
379 797 515 838 Recte
557 795 778 852 intelligis.
835 795 986 852 Atque
1024 795 1121 839 eius
1159 796 1342 852 quidem

165 853 341 911 generis
369 853 472 895 finis
502 860 568 896 est
597 854 818 909 aequitas3
856 868 972 910 quae
1001 868 1094 896 non
1122 854 1343 911 simplici-

166 919 235 954 ter
265 919 510 968 spectatur,
553 914 628 954 sed
660 925 718 952 ex
749 910 1079 968 comparatione
1105 926 1343 954 nonnum·
1383 920 1385 923 ’

157 983 332 1025 ’ςυῃῑης
366 975 425 1014 nt,
455 982 592 1024 quum
624 968 679 1010 de
700 967 931 1011 verissimo
961 976 1215 1011 accusatore
1245 969 1342 1011 dis-

155 1032 393 1082 ceptatur,
436 1028 450 1048 ¹
483 1033 558 1067 aut
587 1040 727 1082 quum
758 1024 1045 1079 hereditatis,
1091 1026 1188 1070 sine
1218 1025 1337 1082 lege,

160 1092 237 1126 aut
268 1084 362 1125 sine
376 1090 655 1136 testamento,
685 1083 850 1143 petitur
875 1082 1120 1140 possessi03
1151 1083 1199 1125 in
1231 1084 1339 1140 qui-

159 1141 243 1183 bus
283 1140 427 1182 causis
468 1140 572 1197 quid
624 1141 806 1196 aequius
816 1172 829 1194 ,
866 1141 1239 1197 aequissimumve
1266 1139 1337 1192 sit,

161 1200 423 1255 quaeritur:
470 1211 580 1255 quas
630 1198 686 1240 ad
738 1211 892 1240 causas
937 1197 1122 1239 facultas
1164 1196 1336 1253 petitur

160 1255 598 1311 argumentationum
637 1269 696 1296 ex
724 1255 800 1309 iis,
840 1254 893 1295 de
929 1253 1090 1311 quibus
1119 1267 1230 1295 mox
1260 1253 1335 1299 di-

159 1321 305 1359 cetur,
337 1312 569 1365 aequitatis
597 1312 718 1354 locis.
1281 1319 1299 1327 Χ

275 1371 425 1425 Atque
463 1369 599 1411 etiam
636 1377 738 1411 ante
776 1367 1015 1419 iudicium,
1063 1366 1120 1409 de
1159 1366 1337 1410 consti-

156 1427 324 1469 tuendo
353 1428 451 1482 ipso
481 1426 645 1468 iudimo
672 1425 780 1468 solet
797 1440 892 1466 esse
921 1424 1160 1477 contentio,
1190 1439 1331 1480 quum

156 1493 257 1535 aut,
300 1484 414 1526 sitne
446 1483 559 1525 actio
586 1483 678 1533 illi,
719 1483 795 1538 qui
825 1482 942 1537 agit,
974 1489 1050 1524 aut
1077 1481 1228 1524 iamne
1257 1482 1329 1535 sit,

157 1550 233 1585 aut
272 1556 380 1582 vuum
424 1541 510 1582 iam
553 1556 647 1583 esse
691 1539 892 1591 desierit,
932 1547 1007 1581 aut
1049 1538 1186 1581 illane
1216 1538 1327 1595 lege,

157 1599 285 1643 hisne
304 1599 450 1640 verbis
463 1600 516 1640 sit
545 1599 685 1649 actio,
727 1597 968 1652 quaeritur.
1029 1595 1160 1652 Quae
1189 1594 1326 1637 etiam

157 1658 194 1699 ai
226 1665 346 1707 ante,
378 1670 509 1712 quam
541 1671 611 1697 res
639 1655 685 1697 in
704 1653 921 1696 iudicium
943 1652 1078 1696 veuit.
1109 1659 1185 1694 aut
1214 1666 1328 1693 con-

158 1721 335 1761 certata,
362 1720 438 1755 aut
460 1712 708 1761 diiudicata,
727 1719 802 1754 aut
823 1708 1018 1752 confecta
1037 1722 1128 1750 non
1151 1715 1281 1759 sunt3
1302 1710 1326 1734 ²

152 1778 302 1814 tamen
333 1771 377 1812 in
412 1770 514 1826 ipsis
554 1770 724 1812 iudiciis
755 1781 1048 1825 permagnum
1081 1780 1210 1822 saepe
1238 1765 1326 1807 ha·-

150 1828 256 1872 bent
284 1827 480 1885 pondus,
521 1842 662 1885 quum
688 1828 749 1870 ita
775 1825 958 1869 dicitur:
1015 1823 1124 1870 Plus
1151 1821 1298 1882 petisti
1307 1838 1323 1875 ς

198 2048 236 2091 ι)
262 2049 321 2082 Sic
345 2048 511 2081 Lamhin.
561 2046 678 2093 Vulgo
702 2047 907 2091 disputatur.

197 2115 230 2157 2)
256 2115 370 2160 Vulgo
397 2127 483 2159 quae
512 2116 643 2148 etiamsi
663 2121 856 2157 antequam,
884 2109 978 2155 quod
1001 2108 1147 2140 induxit
1165 2103 1317 2158 Lambi—

147 2172 251 2200 num,
285 2163 575 2204 Ilqtomannum,
610 2161 841 2200 Erneshum,
874 2163 935 2195 ut,
968 2153 1087 2186 deleta
1114 2159 1319 2198 negatzone‚

144 2218 241 2285 ἕιιαε
261 2219 281 2238 α
304 2210 395 2240 Mss.
412 2207 583 2242 Lambini
613 2205 760 2246 aberat,
792 2202 982 2249 legendum
1000 2205 1197 2246 putarent,
1223 2209 1316 2232 con-

162 2258 236 2285 ecta
258 2260 351 2286 sunt.
