1394 2503
255 164 319 199 DE
344 159 574 196 OPT.G13N.
589 157 876 194 ORATORUM.
907 157 1010 193 CAP.
1035 157 1115 192 25.
1184 156 1251 203 575

94 247 260 289 tionem
290 242 468 293 habent,
496 249 536 283 et
567 240 617 282 ad
644 239 916 295 probandam
948 254 1041 280 rem
1075 252 1253 280 accom-

95 303 323 347 modatum
353 299 570 340 ordinem.
631 298 717 339 Sed
757 311 909 337 earum
943 295 1144 338 omnium
1180 311 1253 337 re-

58 358 65 359 *
95 375 222 409 rum,
252 365 302 398 ut
324 356 638 407 aedificiorum,
666 355 883 396 memoria
905 363 968 395 est
992 354 1114 409 quasi
1144 351 1252 395 sun·-

95 417 388 461 (lamentum,
443 415 596 455 lumen
642 412 768 453 actio.
835 412 900 453 Ea
943 411 1073 468 igilur
1104 410 1253 452 omnia

95 475 140 518 in
171 489 258 529 quo
281 485 454 514 summa
480 478 621 516 erunt,
653 469 687 510 is
705 472 787 510 erit
812 477 958 510 orator
982 467 1253 524 perfectissi-

96 546 223 581 mus3
256 534 270 553 ¹
304 530 349 570 in
381 543 466 583 quo
496 526 654 571 media,
685 525 939 578 mediocris,
970 527 1015 566 in
1048 540 1133 581 quo
1164 524 1254 565 mi·-

96 590 241 639 nima,
296 585 574 629 deterrimus.
628 584 684 626 Et
716 582 1050 639 appellabuntur
1100 596 1253 623 omnes

96 652 318 688 oratores,
359 650 404 683 ut
434 643 621 698 putores
659 644 932 697 appellantur
962 641 1094 681 etiam
1127 638 1253 680 mali:

95 717 178 746 nec
206 700 442 756 generibus
470 700 586 740 inter
616 713 726 739 sese.
758 698 830 739 sed
853 697 1129 739 facultatibus
1162 695 1257 736 dif-

95 759 253 802 ferent.
314 758 460 812 Itaque
502 762 634 797 nem‘o
673 763 738 798 est
768 764 940 806 orator,
980 755 1051 810 qui
1082 769 1127 794 se
1158 753 1255 794 De·—

96 815 340 859 mosthenis
378 813 568 854 similem
604 828 696 854 esse
732 812 863 860 nolit;
908 820 952 853 at
991 812 1254 861 Menander,

96 872 285 916 Homeri
325 871 488 920 noluit3
534 885 671 924 genus
712 870 831 911 enim
870 877 963 910 erat
1001 868 1136 911 aliud.
1206 867 1256 908 Id

97 943 191 972 non
231 937 294 970 est
334 927 381 968 in
412 927 683 978 oratoribus3
731 935 805 968 aut
842 927 876 968 si
916 934 1006 977 est,
1057 932 1108 965 ut
1145 924 1253 965 alius

98 987 358 1042 gravitatem
388 999 595 1039 sequens,
634 984 913 1026 subtilitatem
957 982 1115 1038 fugiat,
1144 996 1255 1023 con-

96 1052 167 1085 tra
196 1043 305 1083 alius
335 1042 572 1083 acutiorem
604 1057 662 1091 se,
693 1055 825 1095 quam
851 1040 1139 1090 ornatiorem,
1170 1053 1253 1080 ve·-

97 1100 171 1142 lit:
203 1099 371 1140 etiamsi
401 1106 465 1140 est
492 1098 538 1139 in
569 1113 728 1153 genere
757 1098 993 1147 tolerabili,
1025 1103 1140 1136 certe
1164 1109 1256 1136 non

97 1164 174 1199 est*
198 1157 242 1198 in
281 1155 463 1213 optimo.
519 1155 772 1210 Siquidem,
811 1155 926 1211 quod
966 1168 1117 1195 omnes
1153 1152 1256 1193 lau-

96 1213 173 1255 des
203 1213 361 1264 habet,
391 1213 436 1255 id
467 1221 531 1254 est
558 1212 789 1270 optimum.

211 1325 286 1368 III.
338 1326 464 1367 Haeo
503 1325 597 1368 dixi
635 1325 811 1367 brevius
853 1323 1079 1380 equidem,
1121 1337 1253 1379 quam

101 1397 173 1424 res
211 1382 407 1441 petebat:
447 1382 522 1423 sed
562 1383 614 1424 ad
655 1383 729 1431 id,
781 1382 897 1437 quod
937 1381 1124 1436 agimus,
1165 1394 1254 1421 non

100 1439 188 1481 fuit
231 1439 465 1480 dicendum
502 1440 716 1493 pluribus.
774 1440 929 1480 Unum
961 1437 1080 1478 enim
1118 1448 1256 1491 quum

102 1497 158 1538 sit
187 1510 349 1551 genu-«3,
390 1495 431 1536 id
462 1497 590 1550 quale
621 1497 699 1547 sit,
739 1495 1004 1550 quaerimus.
1063 1495 1143 1535 Est
1173 1508 1257 1533 au-

100 1560 194 1594 tem
231 1553 341 1601 tale,
382 1553 506 1608 quale
534 1552 684 1595 floruit
711 1552 919 1595 Athenis:
965 1566 1023 1592 ex
1053 1565 1140 1606 quo
1169 1551 1256 1591 At·-

100 1611 293 1652 ficorum
334 1618 555 1651 matorum
592 1611 684 1666 ipsa
721 1609 784 1650 vis
825 1611 974 1664 ignota
1012 1615 1098 1658 est,
1154 1615 1256 1649 nota

102 1667 257 1722 gloria.
316 1667 434 1709 Nam
465 1667 651 1710 alterum
680 1666 810 1708 multi
840 1665 1070 1713 viderunt,
1111 1663 1258 1706 vitiosi

102 1723 213 1765 nihil
244 1724 358 1779 apud
391 1739 488 1765 eos:
517 1724 704 1766 alterum
734 1723 876 1779 pauci,
907 1721 1139 1763 laudabilia
1165 1735 1259 1761 esse

102 1779 253 1821 multa.
310 1780 391 1820 Est
439 1781 557 1822 enim
601 1783 810 1824 vitiosum
858 1780 902 1821 in
944 1779 1178 1827 sententia,
1220 1777 1257 1817 si

105 1836 208 1892 quid
248 1835 514 1889 absurdum,
554 1847 627 1880 aut
667 1838 884 1888 alienum,
929 1843 1003 1876 aut
1033 1850 1121 1876 non
1154 1849 1258 1875 acu-

105 1902 224 1942 tum,
269 1900 344 1933 aut
370 1893 670 1937 subinsulsum
709 1902 796 1936 est:
842 1894 887 1934 in
918 1892 1088 1942 verbis,
1118 1893 1153 1932 si
1183 1891 1257 1931 in*⁹

104 1951 360 2006 quinatum.
392 1950 429 1991 si
459 1952 698 2005 abiectum,
727 1951 762 1992 si
792 1965 879 1991 non
907 1958 1081 2005 aptum,
1107 1949 1144 1990 si
1170 1948 1257 1989 du-

106 2010 231 2057 rum,
258 2007 295 2047 si
324 2007 451 2063 longe
479 2010 678 2064 petitum.
735 2009 858 2051 Haec
886 2007 1133 2049 vitaverunt
1165 2004 1261 2046 fere

156 2176 187 2219 1)
211 2178 275 2209 Ita
294 2177 479 2222 legendum
511 2190 584 2212 esse
604 2189 684 2211 vere
704 2178 841 2210 monuit
860 2173 1094 2209 Rulznkenius
1113 2174 1162 2206 ad
1183 2175 1263 2206 Ru-

109 2223 283 2274 ‘ft-,DQ
302 2235 343 2268 p.
369 2233 446 2259 200.
472 2225 586 2272 Vulgo
613 2224 853 2270 peritissimus.
891 2220 1055 2255 Lambin.
1079 2226 1263 2265 praestan-—

108 2275 268 2301 tmsunus.
