1394 2503
146 151 215 185 234
599 124 852 186 CicERoms

143 229 372 288 sequentia
399 237 548 272 autem
578 242 767 285 semper.
832 231 899 274 Ea
927 233 1047 275 enim
1076 231 1171 275 dico
1203 239 1310 275 con-

142 287 390 345 sequentia,
429 301 540 343 quae
563 300 660 327 rem
690 288 934 329 necessario
963 297 1308 346 consequuntur.

138 347 340 401 Itemque
360 353 403 387 et
424 343 722 386 antecedentia
745 351 787 384 et
805 347 1109 401 repugnantia.
1156 347 1309 403 Quid-

139 403 247 460 quid
279 401 399 444 enim
427 400 648 443 antecedit
667 415 889 457 quamque
918 417 1038 450 rem,
1069 404 1115 446 id
1143 404 1306 446 cohae-

137 468 207 503 ret
236 475 340 501 cum
369 473 418 500 re
448 457 715 499 necessario:
762 466 805 499 et
835 458 1044 515 quidquid
1074 469 1307 519 repugnat,

137 518 180 561 id
211 515 428 559 eiusmodi
458 523 546 564 est,
577 524 628 557 ut
657 515 895 558 cohaerere
927 531 1171 573 numquam
1200 533 1307 575 pos-

136 576 207 616 sit.
269 574 426 630 Quum
453 571 676 628 tripartito
705 572 839 628 igitur
868 571 1155 618 distribuatur
1183 576 1307 618 locus

134 632 232 683 hic,
268 631 315 672 in
338 630 717 680 consecutionem,
758 633 1126 683 antecessionem,
1165 646 1306 689 repu-

133 689 384 745 gnantiam,
423 686 676 743 reperiendi
696 688 947 743 argumenti
966 688 1087 731 locus
1111 689 1304 745 simplex

134 753 221 798 est,
270 743 484 787 tractandi
523 745 706 801 triplex.
790 747 905 787 Nam
953 746 1061 803 quid
1099 746 1302 798 interest,

132 818 273 862 quum
303 803 390 844 hoc
423 801 693 858 sumpseris,
744 804 983 858 pecuniam
1021 811 1303 846 numeratam

129 859 312 904 mulieri
343 858 516 907 deberi,
561 860 634 901 cui
664 859 720 901 sit
749 873 882 900 omne
911 868 1145 914 argentum
1176 861 1300 917 lega-

129 925 248 966 tum,
289 923 445 958 utrum
483 915 570 957 hoc
612 916 742 958 modo
781 916 1018 958 concludas
1055 932 1300 974 argumen-

128 984 248 1017 tum:
306 1005 332 1027 „
345 974 390 1015 Si
420 971 605 1029 pecunia
635 974 824 1029 signata,
855 981 1087 1028 argentum
1117 982 1202 1024 est,
1231 974 1300 1016 le·-

128 1041 227 1090 gata
257 1039 321 1074 est
358 1029 548 1072 mulieri.
618 1030 698 1072 Est
727 1038 874 1072 autem
912 1032 1102 1088 pecunia
1129 1033 1299 1088 signata

127 1097 377 1146 argentum.
428 1087 597 1144 Legata
617 1088 812 1145 igitur3“
844 1102 902 1130 an
919 1087 998 1132 illo
1012 1087 1168 1131 modo:
1217 1089 1296 1143 „Si

125 1154 361 1190 numerata
389 1145 600 1203 pecunia,
644 1160 737 1186 non
777 1151 841 1187 est
879 1145 1020 1201 legata
1032 1162 1047 1195 ,-
1096 1162 1190 1188 non
1230 1153 1296 1187 est

124 1211 358 1247 numerata
387 1202 574 1259 pecunia
608 1209 852 1258 argentum.
919 1203 999 1244 Est
1026 1207 1173 1244 autem
1205 1216 1294 1243 nu-

124 1269 294 1303 merata
311 1260 497 1317 pecunia
517 1268 762 1313 argentum.
822 1260 987 1313 Legata
1014 1258 1150 1314 igitur
1166 1263 1291 1310 est3“

123 1333 181 1360 an
202 1317 454 1359 illo'modo:
515 1315 647 1366 „Non
677 1323 720 1356 et
741 1315 936 1370 legatum
954 1323 1191 1370 argentumn
1211 1323 1291 1368 est,

123 1383 167 1418 et
190 1380 282 1417 non
304 1380 370 1414 est
392 1375 531 1426 legata
555 1381 784 1414 numerata
807 1373 1009 1429 pecunia.
1069 1374 1290 1429 Legatum

122 1440 271 1474 autem
301 1437 535 1486 argentum
566 1436 644 1471 est.
702 1430 868 1487 Legata
898 1429 1033 1486 igitur
1057 1439 1290 1472 numerata

121 1488 311 1547 pecunia
325 1489 432 1530 est.“
444 1487 522 1527 —?
553 1486 795 1542 Appellant
806 1494 954 1543 autem
965 1486 1178 1530 dialectici
1189 1503 1287 1529 eam

120 1547 448 1589 conclusionem
478 1544 751 1600 argumenti,
793 1544 841 1585 in
870 1558 980 1599 qua,
1023 1558 1161 1598 quum
1189 1544 1289 1601 pri-

119 1619 247 1646 mum
278 1602 573 1660 suinpseri32¹
615 1601 902 1656 consequitur
930 1600 998 1652 id,
1045 1601 1162 1656 quod
1205 1616 1286 1643 an-

118 1676 290 1703 nexum
341 1668 428 1710 est,
484 1658 683 1715 primum
732 1655 1028 1700 conclusionis
1077 1657 1285 1706 modum-3

122 1733 261 1774 quum
292 1718 360 1770 id,
401 1716 519 1771 quod
546 1729 775 1757 annexum
805 1723 889 1766 est,
929 1715 1125 1771 negaris,
1162 1723 1212 1758 ut
1239 1714 1286 1756 id

120 1771 319 1832 quoque,
357 1775 426 1816 cui
456 1772 591 1815 suerit
620 1786 870 1824 annexum,
921 1772 1174 1825 negandum
1193 1791 1196 1793 “
1216 1772 1284 1823 sit,

118 1833 336 1874 secundus
355 1830 603 1887 appellatur
622 1829 910 1871 concludendi
929 1828 1111 1879 modus3
1145 1842 1285 1884 quum

119 1897 268 1931 autem
298 1889 446 1944 aliqua
474 1888 706 1929 coniuncta
748 1887 986 1942 negaris,2
1031 1894 1072 1928 et
1112 1901 1170 1927 ex
1209 1885 1282 1927 his

115 1947 315 2003 primum
345 1944 612 2001 sumpseris,
640 1953 711 1992 ut.
742 1943 858 1999 quod
879 1942 1166 1998 relinquitur,
1195 1942 1283 1985 tol-

165 2115 198 2160 1)
223 2116 283 2149 Sic
304 2114 371 2148 Ed.
393 2113 533 2146 Omnib.
553 2112 679 2146 melius
700 2111 848 2158 vulgato
865 2111 1098 2154 assumpseris.

162 2198 197 2240 2)
224 2195 339 2241 Vulgo
365 2195 424 2228 lzic
456 2193 744 2239 interpolantur:
781 2199 817 2224 et
835 2190 889 2224 his
916 2189 982 2223 alia
1005 2192 1142 2235 negatio
1166 2203 1283 2226 rursus

116 2241 325 2286 adiungitur.
