1394 2503
150 141 211 186 198
471 155 474 160 -
551 157 553 159 .
607 136 861 173 oxcnfloms

150 225 280 276 atque
308 217 507 260 involuta
533 216 600 258 rei
627 215 783 259 notitia
812 216 1062 261 definiendo
1101 218 1309 276 aperien-

151 276 206 318 da
239 279 254 298 ¹
285 281 372 318 est:
401 273 617 330 siquidem
648 272 840 316 definitio
877 283 940 317 est
976 276 1137 328 oratio,
1182 291 1309 333 quae,

153 331 256 388 quid
287 331 341 373 sit
368 331 427 379 id,
457 331 510 373 de
538 346 625 387 quo
654 329 810 386 agitur,
841 332 1032 375 ostendit
1050 348 1184 390 quam
1205 335 1311 375 bre-

153 388 348 433 vissime.
406 389 550 439 Tum,
580 395 629 428 ut
658 388 765 440 scis,
795 389 1012 444 explicato
1039 404 1199 446 genere
1228 405 1312 432 cu-

155 447 310 502 iusque
339 443 426 498 rei,
454 444 694 486 videndum
724 452 812 495 est,
856 460 968 500 quae
996 447 1084 488 sint
1111 449 1202 489 eius
1231 461 1317 503 ge—

158 503 278 546 neris
307 502 401 544 sive
429 500 625 548 formae,
656 502 749 544 sive
811 510 946 553 artes,
975 511 1024 545 ut
1051 503 1099 546 in
1127 518 1199 546 eas
1228 503 1316 546 tri-

158 560 322 602 buatur
349 558 496 600 omnis
530 557 685 603 oratio.
750 516 849 601 Eliit
877 559 1011 616 igitur
1038 559 1144 603 haec
1171 559 1318 611 facul-2

158 625 223 659 tas
253 616 301 659 in
341 631 417 668 eo,
475 630 609 672 quem
644 616 849 659 volumus
887 632 982 659 esse
1018 616 1317 672 eloquentem,

159 682 210 717 ut
240 671 424 715 definire
451 688 548 716 rem
588 672 749 729 possit,
787 687 929 728 neque
965 672 1013 716 id
1054 672 1186 716 faciat
1226 682 1321 716 tam

161 744 313 788 presse
351 736 393 772 et
430 738 638 786 anguste,
686 744 820 785 quam
856 731 904 772 in
943 731 1032 773 illis
1075 730 1323 774 eruditissi-

161 787 248 832 mis
279 785 647 843 disputationibus
673 785 773 828 fieri
804 787 935 828 solet:
974 786 1049 830 sed
1070 801 1208 844 quum
1233 800 1321 829 ex·-

161 843 405 907 planafius,
435 846 456 867 ²
494 851 593 885 tum
621 843 751 887 etiam
779 842 986 896 uberius,
1023 852 1065 885 et
1101 844 1154 886 ad
1194 859 1324 886 com·

164 916 302 945 mune
341 900 553 944 iudicium
595 900 947 999 qopularemque
987 901 1324 956 intelligentiam

165 957 551 1001 accommodatius.
631 958 818 1012 demque
857 957 1009 1009 etiam,
1060 971 1200 1013 quum
1249 971 1324 1000 res

164 1015 426 1074 postulabit,
481 1027 617 1069 genus
654 1014 912 1056 universum
953 1015 1000 1057 in
1030 1015 1195 1070 species
1223 1029 1326 1056 cer-

168 1079 260 1122 t‘as,
294 1078 342 1113 ut
380 1070 502 1113 nulla
540 1086 683 1126 neque
725 1071 1126 1126 praetermittatur,
1169 1085 1328 1128 neque

169 1128 408 1177 redundet,
434 1127 673 1185 partietur,
711 1142 761 1168 ao
789 1127 964 1170 dividet.
1023 1126 1216 1181 Quando
1243 1141 1329 1170 au-

170 1194 261 1227 tem
285 1185 330 1227 id
358 1184 509 1235 faciat,
562 1193 638 1226 aut
675 1184 918 1238 quomodo,
950 1187 965 1211 ³
1010 1183 1121 1228 nihil
1159 1184 1212 1226 ad
1242 1186 1329 1225 hoc

171 1251 371 1297 tempusz
401 1241 611 1296 quoniam
640 1245 707 1289 (ut
735 1255 870 1298 supra
899 1240 1012 1290 dixi)
1041 1240 1235 1283 iudicem
1254 1255 1329 1282 es-

175 1314 221 1340 se
251 1312 346 1348 me,
375 1302 395 1325 ⁴
424 1312 515 1339 non
543 1297 769 1339 doctorem
797 1297 912 1342 volo.
970 1299 1067 1341 Nec
1097 1312 1204 1338 vero
1232 1297 1330 1338 dia-

172 1354 333 1398 lecticis
363 1355 496 1396 modo
527 1354 583 1398 sit
611 1353 875 1403 instructus,
906 1353 982 1394 sed
998 1353 1153 1398 habeat
1174 1367 1329 1396 omnes

207 1409 476 1467 hilosophiae
519 1418 656 1463 notos⁴
685 1418 728 1452 et
769 1418 977 1452 tractatos
1021 1410 1154 1455 locos,
1239 1409 1330 1452 Ni—

173 1427 241 1510 iii!
268 1468 386 1510 enim
415 1467 469 1508 de
497 1467 737 1523 religione,
776 1467 883 1509 nihil
913 1467 968 1509 de
996 1474 1166 1519 morte,
1206 1469 1221 1495 ⁵
1254 1467 1332 1509 ni-

176 1524 241 1567 hil
268 1525 320 1566 de
348 1524 530 1580 pietate,
561 1524 673 1565 nihil
704 1524 759 1566 de
787 1525 966 1566 caritate
999 1525 1192 1579 patriae,
1219 1522 1333 1566 nihil

178 1582 232 1625 de
261 1581 385 1623 bonis
411 1582 563 1631 rebuS,
609 1589 682 1623 aut
714 1581 861 1631 malis,
909 1580 1020 1622 nihil
1058 1581 1113 1622 de
1149 1579 1334 1622 virtuti-

178 1639 285 1691 bus,
316 1647 390 1679 aut
419 1637 561 1689 vitiis,
593 1637 709 1680 nihil
742 1637 795 1679 de
826 1635 996 1687 officio,
1024 1637 1136 1679 nihil
1166 1637 1220 1677 de
1250 1636 1336 1678 do-

229 1777 261 1822 ι)
283 1778 342 1813 Sic
359 1781 425 1813 Gu.
445 1781 475 1814 5.
527 1779 640 1823 Vulgo
666 1788 768 1824 atque
795 1781 975 1814 involutae
1005 1779 1057 1812 rei
1075 1779 1210 1814 notitia.
1254 1776 1338 1812 Etsi

184 1831 303 1858 autem
325 1826 440 1858 Cicero
459 1824 550 1858 alibi
568 1827 676 1858 etiam
693 1839 747 1860 res
774 1826 945 1859 involutas
974 1826 1081 1865 dicit,
1105 1825 1142 1857 Ιι.
1170 1824 1195 1857 l.
1214 1830 1336 1856 tamen

183 1871 296 1903 eidem
312 1870 432 1910 verbo,
457 1872 515 1904 cui
533 1872 706 1904 adhaeret
729 1872 916 1913 aperienda
933 1878 984 1906 est
996 1895 1009 1912 ,
1037 1870 1149 1904 tribui
1164 1869 1264 1904 debet
1275 1870 1334 1904 in·-

186 1917 315 1950 voluta.
363 1916 416 1959 Cf.
444 1918 546 1949 Tusc.
567 1918 684 1962 dispp.
699 1918 768 1952 IV.
786 1919 841 1951 24.

231 1983 266 2026 τι)
287 1981 406 2026 Guelf.
433 1984 466 2016 5.
506 1993 610 2029 quum
628 1983 854 2028 explanatius.

234 2047 268 2082 53
286 2050 331 2080 In
351 2048 430 2080 edd.
444 2055 494 2080 est
512 2049 651 2092 quando
670 2053 784 2083 aute'm
801 2056 859 2084 aut
875 2048 1052 2094 quomodo
1072 2048 1109 2081 id
1130 2047 1243 2081 faciat.
1265 2047 1341 2082 Nos

190 2094 366 2133 ordinem,
390 2104 491 2138 quem
510 2101 630 2128 servat
652 2097 720 2130 Gu.
740 2107 791 2138 2.,
816 2094 1070 2141 praetulimus.

235 2160 276 2202 4)
297 2161 356 2192 Sic
373 2162 439 2193 Gu.
460 2160 493 2192 3.
542 2159 656 2206 Vulgo
676 2173 730 2195 me
750 2174 834 2198 esse,

237 2226 276 2269 5)
297 2225 412 2261 Verba
430 2225 518 2260 nihil
537 2226 580 2260 de
597 2233 721 2269 morte,
744 2228 777 2263 si
793 2226 952 2273 genuina
969 2231 1071 2263 sunt,
1097 2224 1172 2258 loeo
1189 2234 1252 2255 ,eno
1269 2233 1346 2254 mo-
