1394 2503
417 153 607 193 T0P10A.
656 155 760 193 cAP.
782 158 818 192 4.
843 156 874 192 5.
1165 161 1231 205 272

56 218 119 279 ex
146 234 317 293 quoin
346 242 511 278 tectum
540 235 656 287 eius,
687 235 813 279 aedes
841 233 918 290 qui
939 232 1218 291 protexisset,

56 308 171 352 aqua
200 289 434 342 deflueret,
471 292 514 334 id
544 293 621 335 tibi
650 293 718 335 ius
744 291 898 336 videri.
911 298 940 317 “
963 294 978 314 ¹

139 405 200 450 V.
242 404 327 449 His
355 405 490 462 igitur
519 404 644 455 locis,
685 404 761 461 qui
792 413 893 448 sunt
922 406 1128 463 expositi,
1159 407 1215 448 acl

55 478 189 507 omne
204 470 518 520 argumentum
535 462 861 518 reperiendum,
890 468 1104 519 tanquam
1122 464 1216 505 ele-

51 521 213 564 mentis
243 520 528 575 quibusdam,
572 519 834 576 significatio
864 527 907 561 et
937 523 1217 562 demonstra-

53 579 117 621 tio
149 578 288 618 datur.
350 577 513 618 Utrum
550 577 683 632 igitur
724 577 935 619 hactenus
973 578 1078 620 satis
1116 577 1213 619 est?

53 634 159 677 Tibi
198 633 396 689 quidem,
449 642 540 675 tam
577 641 727 684 acuto,
776 641 819 675 et
857 641 948 674 tam
986 642 1214 690 occupato,

86 698 174 734 uto.
234 690 331 743 Sed,
361 692 570 747 quoniam
600 690 782 732 avidum
812 690 1041 732 hominem
1062 692 1114 733 ad
1134 691 1215 733 has

84 747 246 789 isceudi
276 749 427 805 epulas
458 747 629 804 recepi,
677 747 739 788 sic
776 747 1016 804 accipiam,
1066 755 1114 789 ut
1141 763 1215 790 re-

51 805 292 860 liquiarum
319 803 374 846 sit
400 803 548 861 potius·
578 803 761 859 aliquid,
790 818 926 859 quam
947 811 991 845 te
1009 804 1113 846 hinc
1128 819 1215 861 pa-

51 862 139 906 tiar
176 877 269 903 non
315 861 522 903 satiatum
565 861 803 902 discedere.
877 861 1067 918 Quando
1109 876 1215 918 ergo

50 918 356 974 unusquisque
395 932 550 959 eorum
590 920 808 966 locorum,
856 932 966 974 quos
1008 920 1215 975 exposui,

53 990 131 1017 sua
163 975 376 1031 quaedam
416 975 617 1016 membra
654 975 808 1026 habet,
855 990 906 1016 ea
943 990 1075 1031 quam
1107 976 1216 1017 sub-

51 1032 253 1075 tilissime
294 1045 634 1088 persequamur:
692 1039 736 1073 et
775 1032 976 1089 primum
1021 1033 1075 1076 de
1117 1032 1215 1089 ipsa

51 1089 310 1131 definitione
339 1089 522 1131 dicatur.
582 1085 803 1143 Definitio
825 1096 889 1131 est
906 1088 1070 1139 oratio,
1100 1103 1216 1145 quae

50 1146 123 1193 id,
155 1144 272 1201 quod
302 1144 531 1196 definitur,
560 1146 774 1201 explicat,
814 1145 919 1201 quid
949 1147 1019 1188 sit.
1081 1144 1215 1188 Defi-

51 1203 275 1246 nitionum
323 1209 471 1244 autom
519 1201 606 1243 duo
653 1211 756 1245 sunt
800 1217 961 1258 genera
1004 1203 1171 1259 prima:
1192 1206 1216 1228 2

51 1274 194 1303 unum
223 1274 377 1302 earum
406 1273 577 1311 rerum,
615 1273 727 1314 quae
756 1269 880 1302 sunt:
915 1261 1107 1302 alterum
1136 1275 1216 1303 ea-

50 1332 170 1365 rum,
207 1331 320 1372 quae
347 1316 666 1372 intelliguntur.
723 1316 838 1358 Esse
867 1332 918 1359 ea
948 1318 1070 1370 dico,
1101 1333 1215 1375 quae

52 1374 174 1416 cerni
206 1373 381 1430 tangive
398 1383 604 1430 possunt,
634 1381 685 1415 ut
704 1372 915 1426 fundum,
946 1374 1097 1425 aedes,
1127 1390 1213 1432 pa-

52 1431 235 1483 rietem,
281 1430 575 1482 stillicidium,
629 1431 926 1488 mancipium,
976 1432 1212 1487 pecudem,

52 1487 427 1545 suppellectilem,
456 1500 618 1544 penus,
649 1496 812 1533 celerat.
854 1504 942 1544 quo
967 1503 1024 1530 ex
1053 1503 1215 1543 genere

51 1544 268 1601 quaedam
289 1544 513 1586 interdum
534 1543 658 1585 nobis
681 1543 931 1586 definienda
953 1553 1068 1586 sunt.
1107 1543 1215 1586 Noa

50 1617 144 1644 esse
173 1616 326 1643 rursus
356 1615 407 1642 ea
436 1600 556 1651 dico,
587 1615 697 1656 quae
722 1602 840 1657 tangi
861 1602 1213 1644 demonstrarive

51 1674 144 1700 non
173 1667 383 1714 possunt,
430 1656 551 1699 cerni
579 1664 731 1700 tamen
761 1658 935 1706 animo,
980 1665 1110 1714 atque
1136 1660 1209 1699 in·—

52 1714 189 1770 telligi
218 1723 421 1770 possunt:
467 1721 540 1766 ut,
581 1714 618 1755 si
645 1716 984 1771 usucapionem,
1026 1715 1062 1756 si
1091 1723 1210 1757 tute—

51 1769 161 1817 lam,
200 1772 235 1812 si
260 1783 456 1825 gentem,
487 1772 524 1812 si
555 1773 834 1827 agnationem
863 1772 1068 1823 definias3
1097 1788 1212 1828 qua-

51 1841 155 1869 rum
185 1841 338 1868 rerum
366 1828 539 1869 nullum
576 1828 724 1869 subest
761 1831 884 1885 quasi
913 1844 1093 1886 corpus,
1145 1838 1211 1871 est

51 1890 199 1925 tamen
237 1884 454 1940 quaedam
494 1883 784 1927 conformatio
813 1885 946 1928 insita
977 1889 992 1913 3
1035 1893 1079 1928 et
1118 1885 1210 1928 im-

100 2023 133 2063 ι)
167 2024 264 2057 Mihi
287 2025 475 2070 legendum
501 2028 661 2062 videtur.-
708 2031 822 2074 quoad
854 2032 993 2076 parietis
1019 2031 1214 2066 communis

51 2079 151 2122 causa
167 2077 297 2121 tectum
319 2073 569 2115 proficeretur,
611 2087 653 2108 ex
685 2088 754 2119 qno
782 2085 863 2110 ante
891 2080 964 2111 eins
995 2078 1119 2121 aedes,
1153 2077 1211 2121 qui

48 2123 270 2159 proiecisset‚
302 2128 388 2162 aqua
414 2118 600 2160 deflueret,
631 2120 668 2153 id
684 2121 748 2154 tibi
766 2123 819 2156 ius
839 2123 965 2158 videri.

94 2182 131 2221 2)
154 2181 264 2224 prima
288 2184 430 2217 videtur
462 2185 662 2219 delendum.

92 2236 134 2281 5)
162 2238 279 2283 Vulgo
298 2241 480 2285 insignita,
503 2243 597 2288 quod
612 2243 671 2277 hic
689 2251 742 2278 est
768 2244 940 2280 alienam.

97 2316 166 2347 Cic.
188 2319 275 2361 Opp.
304 2321 342 2351 T.
361 2321 441 2352 ΙΙΙ.
890 2315 940 2356 1ss
