1394 2503
453 138 667 174 ORATOR.
715 136 818 174 CAP.
840 138 896 172 40.
915 138 974 174 413
1189 148 1260 183 209

68 223 71 226 ’
100 228 150 262 ut
178 225 318 276 optet,
349 225 399 260 ut
427 226 709 268 exsecretur,
738 223 788 260 ut
817 216 892 259 fiat
918 217 985 267 iis,
1016 215 1132 274 apud
1155 230 1266 272 quos

99 278 238 325 dicet,
274 275 533 320 familiaris.
597 276 745 332 Atque
783 276 890 317 alias
930 273 1060 315 etiam
1097 273 1266 316 dicendi

62 351 72 352 ff
98 333 223 389 quasi
254 331 432 375 virtutes
467 340 698 388 sequetur:
730 333 1006 377 brevitatem,
1037 332 1072 372 si
1093 346 1162 372 res
1181 345 1265 387 pe·-

56 434 60 438 ,
98 397 186 440 tet3
215 405 345 446 saepe
376 391 507 432 etiam
536 405 630 431 rem
662 390 847 432 dicendo
878 388 1076 430 subiiciet
1105 388 1262 439 oculis3

97 461 230 502 saepe
258 461 395 502 supra
424 446 562 496 feret,
593 461 726 502 quam
755 446 854 487 fieri
883 446 1048 504 possitg,
1088 442 1265 499 signifi-

98 505 210 546 catio
252 518 382 559 saepe
420 504 502 545 erit
539 504 705 552 maior,
742 518 872 559 quam
909 502 1075 553 oratio3
1134 515 1266 558 saepe

97 560 318 612 hilaritas,
361 575 490 617 saepe
530 561 642 602 vitae
682 569 1033 615 naturarumque
1063 558 1263 599 imitatio.

97 618 201 661 Hoc
219 618 266 658 in
286 632 446 673 genere
477 617 599 672 (nam
622 618 746 672 quasi
766 619 925 659 silvam
947 615 1086 671 vides)
1117 614 1262 656 omnis

98 674 267 715 eluceat
295 681 467 731 oportet
495 673 771 729 eloquentiae
799 673 1074 730 magnitudo.

208 788 328 831 XLI.
386 787 469 830 Sed
499 787 638 837 haec,
676 788 762 831 n'isi
793 788 1021 839 collocata,
1068 793 1110 828 et
1140 785 1265 843 quasi

99 852 281 893 structa,
313 853 355 886 et
384 860 499 887 nexa
529 845 691 896 verbis,
719 845 772 887 ad
796 861 894 887 eam
913 845 1101 895 laudem,
1132 858 1266 899 quam

98 902 330 954 volumus,
385 902 610 959 adspirare
658 918 745 944 non
783 909 982 959 possunt.
1058 901 1128 943 De
1177 915 1265 956 quo

102 973 246 1015 quum
275 958 386 1008 mihi
418 959 619 1016 deinceps
648 961 846 1002 viderem
886 975 978 1001 esse
1016 958 1269 1006 dicendum,

101 1017 184 1058 etsi
212 1016 448 1058 movebant
478 1030 551 1056 me
580 1017 669 1057 iam
702 1019 716 1038 ¹
747 1016 845 1068 illa,
889 1030 1000 1070 quae
1031 1029 1165 1070 supra
1196 1014 1266 1055 di-

98 1085 283 1123 xeram,
313 1079 461 1114 tamen
490 1072 562 1124 iis,
593 1088 704 1128 quae
734 1080 1002 1128 sequuntur9
1029 1071 1269 1128 perturba-

86 1128 182 1171 ‘bar
211 1129 362 1184 magis.
423 1129 695 1173 Occurrebat
738 1132 880 1180 enim,
919 1144 1043 1185 posse
1081 1128 1268 1183 reperiri

100 1199 194 1228 non
245 1185 420 1228 invidos
475 1185 644 1236 solum,
725 1187 884 1241 quibus
944 1184 1109 1227 referta
1164 1191 1268 1225 sunt

100 1239 266 1294 omnia,
303 1243 377 1283 sed
408 1242 603 1284 fautores
622 1242 751 1285 etiam
771 1243 954 1285 laudum
984 1256 1211 1292 mearum,
1241 1243 1265 1264 2

100 1299 181 1354 qui
212 1315 302 1340 non
336 1307 565 1341 censerent
594 1300 687 1341 eius
719 1300 802 1341 viri
832 1315 946 1351 esse,
989 1303 1003 1326 3
1049 1298 1102 1339 de
1140 1299 1265 1339 cuius

100 1355 271 1397 meritis
300 1363 419 1397 tanta
451 1365 625 1398 senatus
656 1357 811 1398 iudicia
836 1357 1023 1409 fecisset,
1053 1370 1268 1411 compro-

100 1412 234 1465 bante
262 1413 427 1468 populo
458 1413 689 1465 Romano,
737 1422 896 1468 quanta
931 1414 984 1454 de
1021 1413 1164 1463 nussQ
1212 1411 1266 1453 de

100 1466 286 1510 artificio
331 1469 501 1510 dicendi
540 1470 675 1511 literis
713 1479 803 1512 tam
853 1471 995 1512 multa
1039 1470 1265 1510 mandare.

101 1525 278 1582 Quibus
308 1525 344 1566 si
371 1526 480 1568 nihil
510 1527 626 1567 aliud
659 1528 1001 1584 responderem,
1047 1526 1155 1574 nisi,
1192 1539 1264 1565 me

99 1583 167 1626 Μ.
198 1583 336 1624 Bruto
367 1598 527 1638 negare
569 1586 737 1637 roganti
767 1584 985 1632 noluisse,
1044 1583 1160 1624 iusta
1189 1596 1263 1622 es-

102 1648 170 1681 set
199 1640 445 1690 excusatio,
500 1655 639 1697 quum
669 1649 711 1682 et
740 1641 1006 1682 amicissimo
1049 1647 1091 1680 et
1126 1653 1262 1695 prae-

101 1696 367 1738 stantissimo
398 1697 517 1748 viro,
578 1705 619 1738 et
649 1706 767 1740 recta
798 1705 841 1739 et
869 1698 1052 1738 honesta
1081 1695 1262 1752 petenti,

101 1750 351 1794 satisfacere
369 1753 621 1795 voluissem.
653 1755 736 1795 Sed
754 1755 787 1795 si
807 1752 1054 1811 profiterer,
1073 1757 1094 1779 4
1126 1752 1259 1807 (quod

101 1809 272 1849 utinam
309 1824 484 1864 possem
499 1812 525 1865 1)
566 1811 882 1852 mestudiosis
923 1809 1097 1851 dicendi
1125 1824 1261 1864 prae-

100 1873 248 1921 cepta,
280 1873 322 1906 et
351 1867 474 1921 quasi
500 1868 615 1921 vias,
645 1883 756 1923 quae
773 1869 826 1909 ad
848 1866 1144 1923 eloquentiam
1165 1865 1260 1907 fer-

148 2021 181 2066 1)
201 2023 260 2054 Sic
281 2024 347 2056 Ga.
367 2024 399 2055 5.
449 2021 564 2067 Vulgo
580 2023 646 2055 iam
665 2035 720 2056 me
738 2023 808 2057 illa.
857 2026 1036 2056 Camerar.
1055 2022 1169 2055 etiam.

148 2087 191 2130 2)
209 2090 272 2120 Ita
293 2091 359 2123 Gu-
381 2090 560 2122 Camerar.
609 2090 723 2138 Vulgo
749 2104 903 2126 mearum
926 2090 1080 2124 laudum.

146 2153 185 2196 5)
201 2154 271 2187 eius
293 2167 366 2188 esse
384 2157 449 2190 viri
468 2157 635 2191 Lambin.

146 2218 187 2264 4)
205 2220 264 2252 Sic
282 2222 469 2256 Ernestius
489 2231 582 2258 recte
600 2228 753 2259 correxit
779 2227 876 2274 vulg.
894 2226 1072 2269 profitear.

151 2299 221 2332 Cic.
241 2301 328 2344 Opp.
356 2304 394 2334 T.
415 2304 494 2335 III.
944 2293 993 2335 14
