1394 2503
448 134 641 168 TOPICA·
687 139 790 175 CAP.
814 141 848 175 6.
876 153 907 185 7.
1191 146 1258 190 275

91 239 146 266 ea
186 230 269 267 aut
314 225 470 282 legata
517 229 808 272 testamento,
861 227 947 263 aut
974 224 1258 278 possessione

73 288 291 335 tretentcn
339 283 590 324 confectum
621 291 700 326 est.
780 280 1001 335 Itemque,
1042 288 1092 321 ut
1118 280 1253 323 illud:

91 337 293 381 Gentiles
334 347 464 389 sant,
515 341 595 397 qui
634 342 754 382 inter
796 351 842 378 se
883 337 1037 378 eodem
1077 338 1254 379 nomine

87 403 204 437 sunt.
263 398 366 440 Non
389 404 455 438 est
481 398 596 441 satis.
656 396 748 450 Qui
767 394 823 436 ab
841 393 1051 451 ingenuis
1072 394 1255 436 oriundi

85 460 205 495 sant.
264 454 336 495 Ne
366 454 410 495 id
440 455 618 510 quidem
647 453 748 496 satis
779 459 856 494 est.
916 451 1123 503 Quorum
1149 468 1253 494 ma·-

85 509 236 551 iorum
265 525 392 551 nemo
413 512 678 554 servitutem
696 510 893 553 servivit.
953 509 1091 550 Abest
1121 510 1253 552 etiam

86 582 221 608 nune.
294 566 388 619 Qui
416 569 564 626 capite
596 585 683 611 non
712 574 817 610 sunt
847 565 1085 608 deminuti.
1153 567 1254 609 Hoc

85 623 270 666 fortasse
300 625 402 666 satis
436 633 511 667 est.
580 627 704 668 Nihil
746 624 867 664 enim
895 623 1023 664 video
1055 624 1252 665 Scaevo-

84 681 198 733 lam,
240 680 522 739 pontificem,
563 684 615 726 ad
648 684 762 725 hanc
787 679 1090 722 definitionem
1121 680 1251 722 addi-

83 738 210 780 disse.
270 739 420 793 Atque
449 738 557 780 haec
593 742 708 782 ratio
740 737 857 781 valet
878 737 927 779 in
949 747 1137 793 utroque
1167 753 1250 794 ge-

82 810 190 838 nere
221 795 556 845 definitionum,
606 798 699 840 sive
736 797 808 845 id,
864 794 979 850 quod
1020 802 1108 843 est,
1155 797 1247 837 sive

79 852 143 901 id,
187 852 306 909 quod
336 853 622 909 intelligitur,
662 851 963 896 definiendum
1005 859 1082 893 est.

165 965 270 1007 VII.
313 966 614 1009 Partitionum
638 975 786 1009 autem
810 973 854 1008 et
877 965 1146 1007 divisionum
1166 980 1245 1021 ge·

78 1037 162 1064 nus
201 1022 331 1077 quale
368 1032 505 1077 esset,
549 1025 847 1071 ostendimus,
891 1023 965 1064 sed
1015 1023 1118 1079 quid
1170 1025 1247 1064 in-

76 1086 145 1120 ter
185 1094 232 1121 se
270 1079 495 1129 differant,
551 1081 728 1138 planius
767 1079 1006 1123 dicendum
1047 1087 1121 1123 est.
1193 1081 1246 1122 In

75 1135 317 1192 partitione
355 1139 478 1193 quasi
517 1139 719 1181 membra
756 1145 879 1180 sunt:
937 1145 987 1178 ut
1028 1137 1246 1192 corporis,

76 1201 230 1250 caput,
271 1192 472 1248 humeri,
501 1210 682 1246 manus,
716 1196 879 1245 latera,
913 1209 1064 1240 crura,
1096 1196 1243 1250 pedes,

76 1257 120 1290 et
161 1259 329 1293 cetera:
383 1252 433 1293 in
471 1252 703 1305 divisione,
754 1253 926 1294 formae
955 1260 1078 1301 sunt,
1134 1266 1242 1305 quas

75 1307 234 1349 Graeci
267 1310 375 1357 ἰδέας
397 1313 413 1332 ¹
444 1318 626 1361 vocant,
664 1311 824 1362 nostri,
856 1309 893 1351 si
914 1310 988 1364 qui
1013 1309 1120 1350 haec
1141 1307 1243 1350 for-

74 1371 116 1404 te
154 1371 366 1418 tractant,
416 1367 583 1424 species
625 1368 873 1424 appellant3
917 1381 1008 1408 non
1048 1366 1242 1423 pessime

73 1420 121 1462 id
153 1421 356 1475 quidem,
402 1425 476 1465 sed
507 1424 724 1467 inutiliter
763 1424 815 1467 ad
846 1422 1082 1465 mutandos
1113 1437 1240 1464 casus

73 1477 121 1519 in
152 1477 354 1521 dicendo.
424 1481 579 1522 Nolim
611 1482 756 1533 enim,
795 1496 852 1522 ne
881 1481 917 1523 si
945 1481 1104 1521 Latine
1136 1479 1240 1534 qui-

73 1533 175 1576 dem
206 1536 288 1585 dici
316 1537 478 1594 possit,
523 1538 799 1594 specierum,
838 1546 879 1579 et
908 1536 1136 1593 speciebus
1168 1536 1238 1578 di·-

72 1607 193 1644 cere3
244 1600 286 1634 et
318 1609 448 1650 saepe
488 1594 556 1635 his
594 1595 765 1637 casibus
805 1595 1022 1636 utendum
1053 1602 1148 1643 θεῖς’
1195 1600 1239 1634 at

62 1648 256 1706 formis,
294 1659 337 1692 et
362 1652 631 1707 formarum
672 1652 822 1694 velim.
897 1651 1051 1705 Quum
1088 1657 1238 1692 autem

70 1713 258 1761 utroque
286 1710 422 1750 verbo
453 1709 573 1752 idem
602 1708 895 1765 significetur,
941 1708 1237 1749 commodita—

69 1768 160 1801 tem
211 1763 255 1803 in
296 1764 483 1807 dicendo
534 1781 625 1808 non
675 1766 867 1807 arbitror
914 1764 1235 1820 negligendam.

71 1817 225 1859 Genus
257 1828 300 1861 et
328 1821 523 1863 formam
553 1821 768 1865 definiunt
797 1823 882 1864 hoc
919 1822 1076 1863 modo:
1139 1822 1236 1863 Ge-

59 1890 155 1919 Jms
185 1884 248 1918 est
275 1878 396 1919 notio
429 1879 482 1920 ad
510 1879 663 1936 plures
695 1879 963 1921 differentias
994 1878 1233 1936 pertinens.

68 1934 232 1974 Forma
263 1941 327 1975 est
359 1934 504 1985 notio,
558 1936 680 1977 cuius
719 1936 971 1978 differentia
1009 1936 1062 1978 ad
1102 1944 1234 1992 caput

67 1989 240 2045 generis
272 1997 315 2031 et
344 1993 471 2048 quasi
500 1992 671 2035 fontem
708 1993 868 2036 referri
895 2001 1052 2050 potest.
1130 1993 1232 2033 No-

112 2207 141 2250 1)
166 2210 334 2245 Fortasse
351 2216 495 2260 scripsit
510 2217 628 2251 Cicero
640 2245 648 2261 ,
675 2215 825 2251 scribere
841 2221 934 2249 certe
951 2213 1072 2249 debuit
1083 2227 1092 2245 .·
1116 2210 1204 2256 εἴδη-
