1394 2503
208 151 539 191 PARTITIONES
567 148 867 186 ORATORLAE.
916 150 1018 183 CAP.
1041 151 1097 185 26.
1168 153 1231 195 ὃς]

68 233 265 294 teponit,
302 232 349 274 in
374 229 625 282 suadendo3
661 244 802 287 quum
836 229 876 272 ei
897 229 1050 285 generi
1082 229 1234 272 homi-

67 291 180 336 num
204 290 442 332 consilium
473 290 572 338 des,
620 302 750 346 saepe
781 301 884 329 sane
909 287 1128 329 laudanda
1160 299 1237 332 est.

63 344 128 394 'Et
152 347 263 391 illud
288 346 545 400 videndum,
576 353 738 402 quanto
750 344 889 400 magis
908 343 1114 387 homines
1135 359 1237 387 ma·-

69 409 114 452 la
133 405 315 462 fugiant,
345 419 480 460 quam
498 410 741 459 sequantur
765 402 894 444 bona.
939 402 1060 444 Nam
1092 416 1239 458 neque

69 464 256 508 honesta
278 469 369 503 tam
400 468 639 519 expetunt,
681 473 814 516 quam
851 458 1050 501 devitant
1073 459 1237 515 turpia.

71 521 189 577 Quis
207 519 327 562 enim
359 517 600 572 honorem,
644 516 743 574 quis
766 516 974 574 gloriam,
1013 517 1113 573 quis
1138 519 1239 559 lau-

74 579 202 630 dem,
238 576 333 631 quis
357 576 501 618 ullum
518 576 647 618 decus
672 582 767 617 tam
797 588 1013 631 umquam
1045 582 1238 631 expetat,

73 649 208 692 quam
232 633 549 688 ignominiam,
582 636 597 656 ¹
619 631 877 683 infamiam,
904 631 1240 681 contumeliam,

74 691 262 736 dedecus
305 689 476 745 fugiat?
524 704 715 746 quarum
747 704 901 730 rerum
936 689 1064 732 dolor
1089 689 1239 746 gravis

76 756 142 793 est
182 747 328 800 testis,
407 762 546 805 genus
584 746 821 789 hominum
863 746 918 788 ad
955 745 1238 789 :honestatem

74 813 232 850 natum
248 837 259 856 ‚
297 804 414 847 malo
435 805 557 858 cultu
574 805 814 861 pravisque
842 803 1128 859 opinionibus
1151 818 1246 846 esse

77 869 348 919 corruptum.
378 865 399 885 2
423 862 576 917 Quare
604 862 648 903 in
671 860 944 904 cohortando
973 869 1107 917 atque
1136 875 1242 904 sua-

76 919 222 964 dendo
241 919 525 977 propositum
548 918 727 974 quidem
757 916 886 960 nobis
909 918 992 960 erit
1012 918 1120 960 illud
1134 952 1148 970 ,
1193 927 1244 961 ut

78 978 339 1028 doceamus,
382 991 467 1031 qua
490 976 558 1018 via
581 978 596 1003 ³
628 976 742 1018 bona
772 975 1000 1030 consequi,
1038 977 1243 1032 malaque

78 1036 223 1077 vitare
241 1033 485 1090 possimus:
526 1033 598 1076 sed
620 1034 734 1090 apud
759 1031 959 1074 homines
977 1032 1088 1074 bene
1107 1033 1241 1075 insti-

79 1100 200 1134 tutos
230 1090 477 1149 plurimum
499 1090 553 1131 de
573 1090 703 1132 laude
732 1099 773 1132 et
789 1090 844 1131 de
866 1088 1092 1132 honestate
1116 1089 1242 1133 dice-

77 1163 203 1192 mus:
242 1148 526 1203 maximeque
549 1162 598 1189 ea
619 1148 834 1191 virtutum
854 1161 1016 1203 genera
1030 1148 1244 1189 tractabi-

77 1220 204 1255 mus,
233 1218 348 1260 quae
367 1204 416 1246 in
437 1205 664 1246 communi
703 1204 936 1246 hominum
957 1204 1144 1247 utilitate
1166 1212 1242 1247 tu-

81 1261 195 1305 enda
238 1260 523 1318 augendaque
563 1270 805 1303 versantur.
862 1260 939 1302 Sin
964 1263 1080 1318 apud
1113 1262 1243 1304 indo-

80 1318 724 1375 ctosimperitosquedicemus:
750 1318 932 1368 fructus,
961 1319 1246 1362 emolumen-
1310 1367 1316 1373 ,

80 1384 141 1424 ta,
163 1376 424 1432 voluptateS‚
448 1376 764 1432 vitationesque
780 1374 983 1418 dolorum
1005 1375 1244 1433 proferan-

82 1441 180 1479 turg
220 1431 442 1475 addantur
471 1433 603 1474 etiam
640 1432 930 1475 contumeliae
961 1430 1093 1487 atque
1117 1435 1245 1490 igno·-

83 1489 266 1532 miniae.
326 1489 474 1531 Nemo
495 1497 558 1530 est
570 1491 689 1530 enim
719 1494 741 1517 4
764 1497 854 1530 tam
874 1491 1080 1543 agrestis,
1112 1505 1247 1545 quem

84 1561 201 1598 non,
231 1546 268 1587 si
299 1545 395 1601 ipsa
425 1545 572 1587 minus
598 1546 822 1594 honestas,
853 1547 1115 1589 contumelia
1137 1551 1151 1574 ⁵
1174 1555 1245 1590 ta-

84 1619 189 1647 men
213 1611 257 1644 et
276 1601 466 1645 dedecus
488 1617 759 1660 magnopere
779 1612 970 1646 moveat.

125 1787 174 1842 J).
199 1788 259 1822 Sic
277 1788 397 1831 Guelf'.
407 1789 486 1823 Erl.
505 1788 670 1845 Pambin.
693 1792 782 1825 Em.
833 1788 951 1836 Vulgo
971 1801 1071 1835 quam
1089 1797 1128 1823 ut
1143 1792 1248 1834 iguo-

87 1846 240 1869 numam.

135 1902 172 1942 2)
195 1903 376 1944 Optimam
401 1901 496 1934 hanc
526 1901 713 1935 lectionem
738 1901 892 1945 praebet
917 1901 993 1934 cod.
1023 1902 1102 1935 ΕΓΖ.
1132 1901 1247 1948 Vulgo

86 1947 158 1979 aie:
182 1959 325 1991 quarum
342 1959 458 1980 rerum
474 1947 578 1981 dolor
595 1949 706 1993 gravis
728 1954 791 1981 est.
836 1949 898 1983 Est
915 1960 1021 1993 genus
1035 1967 1081 1973 —
1100 1949 1247 1992 opinio-

87 1992 193 2025 nibus
212 2000 425 2038 corruptum.

90 2042 173 2138 γέ)
199 2061 257 2093 Sic
277 2064 366 2093 Mss.
390 2058 555 2094 Lambin.
576 2059 695 2105 Guelf.
725 2059 797 2094 Vit.
847 2059 965 2106 Vulgo
987 2072 1052 2105 qua
1082 2061 1130 2094 vi.
1175 2057 1246 2093 Ed.

123 2115 179 2137 en.
198 2118 265 2150 qna
283 2119 332 2140 re.

135 2171 176 2215 4)
205 2172 265 2204 Sic
285 2172 404 2218 Guelf'.
424 2172 539 2219 Vulgo
565 2174 681 2208 Nemo
703 2174 797 2207 enim
813 2178 876 2207 est.

129 2237 164 2280 5)
188 2238 356 2272 Lambin,
375 2240 404 2272 si
421 2241 466 2273 mi
473 2253 535 2274 nus
550 2241 624 2286 ipsa
640 2241 825 2283 honestas,
852 2246 888 2273 at
906 2238 1127 2272 contumelia.
