1394 2503
238 135 559 174 PARTITIONES
594 135 889 170 ORATORIAE.
938 136 1038 170 cAP.
1067 138 1119 173 16.
1189 140 1255 179 553

101 217 377 262 admirabilia
421 232 533 273 quae
570 223 695 257 sunt:
735 229 793 257 ex
823 214 979 272 quibus
1009 217 1256 260 similibus-

101 293 207 333 que,
236 276 272 316 si
301 272 510 324 attendas‘,
541 275 593 315 ad
624 272 872 328 augendum
902 277 1118 329 permulta
1149 290 1258 331 sup·

64 332 273 391 *petuntz
330 347 435 381 unu,
481 345 589 386 quae
638 330 842 372 videntur
888 331 1141 374 hominibus
1182 342 1257 377 aut

94 391 305 447 prodesse
359 396 432 430 aut
480 388 628 429 obesse
680 387 1002 430 vehementius:
1062 404 1255 444 quorum

95 456 200 489 sunt
229 461 390 502 genera
420 445 474 486 ad
505 443 864 500 amplificandum
893 446 990 487 tria.
1035 449 1154 490 Nam
1178 455 1255 488 aut

94 506 276 546 caritate
318 509 555 544 moventur
593 501 818 551 hominm,
864 509 912 543 ut
949 503 1161 556 deorum,
1204 511 1255 545 ut

94 561 276 619 patriae,
305 567 353 601 ut
382 567 636 615 parentum:
668 566 742 599 aut
772 574 937 608 amore,
968 568 1015 600 ut
1046 559 1251 612 fratrum,

96 627 146 659 ut
176 618 435 673 coniugum,
473 624 520 658 ut
548 615 819 666 liberorum,
861 624 907 657 ut
937 616 1250 659 familiarium:

94 682 170 717 aut
199 675 448 723 honestate,
492 681 541 714 ut
583 674 820 721 virtutum,
861 674 1143 729 maximeque
1174 690 1252 716 ea-

94 747 219 775 rum.
251 746 360 786 quae
389 731 441 772 ad
473 731 829 772 communionem
858 729 1092 773 hominum
1122 739 1165 772 et
1191 732 1252 774 li-

93 789 369 831 beralitatem
418 787 578 828 valent.
621 787 693 828 Ex
743 787 795 828 iis
846 795 889 828 et
932 788 1251 832 cohortationes

93 853 329 887 sumuntur
358 844 411 886 ad
443 859 493 885 ea
522 843 768 886 retinenda:
809 852 849 885 et
876 844 922 885 in
953 860 1053 898 eos,
1095 861 1118 886 a
1148 847 1249 901 qui-

91 903 174 945 bus
206 917 256 943 ea
284 903 445 944 violata
475 908 605 950 sunt,
645 899 746 941 odia
774 900 1043 954 incitantur,
1086 911 1126 944 et
1156 903 1249 944 mi-

90 959 250 1001 seratio
279 958 488 1000 nascitur.
544 956 756 1013 Proprius
792 965 937 999 autem
970 963 984 981 ¹
1029 959 1152 1001 locus
1183 967 1249 1001 est

91 1015 303 1071 augendi,
338 1015 384 1056 in
412 1014 480 1055 his
509 1013 642 1055 rebus
681 1022 754 1055 aut
784 1014 974 1066 amissis,
1012 1024 1086 1057 aut
1114 1017 1248 1058 amit-

91 1073 227 1127 tendi
249 1072 459 1129 periculo.
516 1070 640 1112 Nihil
677 1078 740 1112 est
777 1072 895 1113 enim
935 1080 1024 1115 tam
1061 1073 1248 1116 misera-

91 1129 207 1180 bile,
248 1144 382 1184 quam
424 1144 482 1170 ex
520 1128 645 1169 beato
684 1127 832 1170 miser.
888 1129 945 1170 Et
982 1130 1066 1171 hoc
1102 1138 1245 1173 totum

92 1186 273 1242 quidem
313 1192 508 1235 moveat,
574 1185 609 1225 si
640 1198 724 1239 qua
754 1200 810 1226 ex
849 1184 1027 1228 fortuna
1064 1189 1085 1210 ²
1144 1187 1244 1243 quis

92 1242 245 1294 eadat,
277 1250 320 1284 et
348 1257 373 1282 a
403 1255 593 1297 quorum
624 1242 800 1284 caritate
830 1241 1083 1290 divellatur,
1130 1260 1245 1301 quae

93 1300 278 1348 amittat,
309 1306 385 1340 aut
413 1298 621 1349 amiserit,
651 1299 698 1340 in
727 1299 882 1353 quibus
913 1300 1037 1341 malis
1068 1301 1136 1354 sit,
1165 1302 1244 1342 fu-

51 1385 56 1389 *
91 1364 275 1397 turusve
302 1356 375 1407 sit,
422 1355 700 1411 exprimatur
724 1356 931 1398 breviter.
991 1358 1088 1398 Cito
1120 1359 1241 1400 enim

90 1412 248 1455 arescit
281 1415 295 1439 ³
346 1413 564 1466 lacryma,
593 1413 855 1468 praesertim
885 1415 931 1454 in
962 1415 1113 1456 alienis
1143 1430 1243 1456 ma-

89 1469 159 1511 lis.
218 1469 312 1510 Nec
360 1469 598 1524 quidquam
638 1469 683 1509 in
731 1469 1069 1525 amplificatione
1109 1472 1242 1513 nimis

89 1525 410 1568 enucleandum
432 1534 506 1567 est.
563 1525 735 1567 Minuta
765 1534 829 1566 est
849 1526 967 1568 enim
998 1529 1141 1569 omnis
1172 1529 1243 1569 (li-

89 1583 280 1639 ligentia.
337 1582 422 1624 Hic
468 1590 614 1624 autem
659 1583 779 1623 locus
821 1584 1001 1638 grandia
1039 1585 1239 1640 requirit.

88 1640 200 1681 Illud
245 1640 333 1680 iam
374 1646 439 1680 est
475 1639 646 1690 iudicii,
690 1654 776 1695 quo
821 1655 993 1696 quaque
1035 1641 1079 1682 in
1110 1656 1240 1682 causa

89 1710 251 1751 genere
281 1705 459 1738 utamur
487 1695 687 1752 augendi.
744 1697 794 1737 In
821 1697 906 1738 illis
936 1697 1055 1739 enim
1084 1699 1240 1751 causis,

89 1767 202 1808 quae
250 1753 304 1794 ad
354 1752 678 1795 delectationem
727 1761 1024 1803 exornantur,
1075 1756 1107 1797 ii
1155 1755 1240 1796 loci

87 1809 304 1850 tractandi
344 1817 469 1860 sunt,
525 1810 599 1864 qui
641 1825 824 1852 movere
853 1818 1038 1867 possunt
1075 1827 1239 1868 exspe-

88 1867 352 1915 ctationem,
382 1866 740 1916 admirationem,
772 1867 1064 1925 voluptatem:
1093 1869 1140 1911 in
1159 1884 1238 1910 co-

135 2036 168 2079 1)
199 2036 314 2082 Vulgo
338 2037 498 2080 proprius
517 2037 627 2071 locus.
676 2041 720 2071 In
751 2042 818 2074 Ns.
847 2040 965 2087 Guelf.
1000 2047 1053 2074 est
1079 2042 1236 2084 proptia<

87 2089 144 2114 aut
162 2083 280 2125 locus,
305 2084 343 2114 in
362 2094 427 2126 quo
448 2081 538 2116 latet
559 2092 687 2116 autem.

131 2147 171 2191 2)
194 2150 256 2180 Ita
279 2150 413 2181 correxi
432 2149 525 2194 vulg.
551 2151 579 2182 si
602 2151 693 2183 bona
725 2163 765 2183 ex
791 2150 936 2184 fortuna.

133 2214 167 2257 3)
194 2216 259 2248 Ed.
289 2215 377 2250 Kob.
408 2217 582 2250 exarescit.
