1394 2503
170 153 237 180 τωρ
629 141 884 176 ctcffltole

170 233 341 267 autem:
372 237 463 265 non
483 223 615 280 igitur
646 219 796 265 illud.“
853 221 938 264 Hic
957 223 1115 266 modus
1140 234 1203 268 est
1225 230 1332 269 sex—

168 292 252 325 tus.
312 281 536 337 Septimus
559 287 733 322 autem:
774 278 909 331 „Non
929 288 973 322 et
993 281 1098 330 hoc,
1127 289 1172 323 et
1191 282 1330 336 illud3

167 356 259 382 non
291 348 439 380 autem
463 339 571 388 hocg
616 337 724 379 illud
747 337 928 391 igitur-‘⁶
985 338 1058 379 Ex
1087 339 1155 380 hic
1186 340 1330 383 modis

167 397 469 438 conclusiones
499 395 840 436 innumerabiles
869 402 1132 446 nascuntur,
1161 396 1208 438 in
1240 412 1330 453 quo

168 461 234 496 est
264 451 354 494 sere
384 460 474 493 tota
505 451 736 493 dialectica.
810 450 894 493 Sed
935 465 993 492 ne
1030 465 1105 493 eae
1135 454 1327 508 quidem,

160 527 271 565 quas
302 509 509 565 exposui,
541 509 594 549 ad
622 508 738 552 hanc
759 507 1088 551 institutionem
1115 518 1218 553 sunt
1246 526 1328 553 ne-

162 568 389 611 cessariae.

246 681 352 725 XV.
411 680 645 722 Proximus
684 687 748 722 est
779 679 901 721 locus
938 696 1092 723 rerum
1129 680 1329 724 efficien-

161 739 300 789 tium,
336 753 449 794 quae
478 753 631 779 causae
657 737 960 794 appellantur:
998 738 1154 781 deinde
1175 755 1328 782 rerum

159 797 419 838 effectarum
473 796 526 836 ab
578 794 864 836 efficientibus
914 795 1068 837 causis„
1147 797 1329 840 Harum

158 854 392 909 exem-pla,
423 861 470 894 ut
498 853 771 906 reliquorum
801 852 1024 904 locorum,
1052 853 1203 910 paullo
1226 862 1328 897 ante

159 912 310 968 posui,
363 918 404 951 et
442 910 621 965 quidem
661 924 717 950 ex
757 909 854 950 iure
900 910 1042 952 cixssili:
1095 911 1171 953 sed
1215 910 1326 954 haec

157 976 310 1027 patent
349 967 490 1008 latius.
569 965 818 1007 Causarum
860 967 995 1022 igitur
1034 983 1196 1024 genera
1237 969 1325 1011 duo

157 1035 282 1069 sunt:
328 1039 492 1075 unum,
543 1023 659 1079 quod
703 1023 743 1064 vi
782 1038 861 1064 sua
898 1023 964 1077 id,
1014 1024 1130 1080 quod
1161 1025 1244 1067 sub
1274 1040 1327 1068 ea

158 1083 403 1126 subiectum
432 1089 517 1133 est,
546 1088 666 1123 certo
690 1079 841 1130 efficit,
858 1085 872 1104 ¹
904 1089 952 1122 ut
973 1081 1083 1138 ignis
1105 1082 1324 1125 accendit:

156 1142 369 1192 alterum,
412 1139 527 1194 quod
552 1145 755 1179 naturam
786 1135 1006 1180 efficiendi
1030 1154 1122 1181 non
1147 1139 1323 1191 habet,⁷-

155 1197 231 1240 sed
262 1197 356 1239 sine
385 1211 473 1252 quo
503 1193 617 1236 effici
645 1210 736 1236 non
767 1196 923 1252 possit:
955 1203 1028 1243 ut,
1059 1196 1093 1236 si
1121 1197 1219 1251 quis
1247 1210 1322 1238 aes

155 1270 333 1297 causam
363 1261 532 1295 statuae
561 1252 665 1294 velit
693 1252 861 1301 dicere,
893 1252 1013 1307 quod
1033 1250 1127 1294 sine
1150 1267 1202 1293 eo
1229 1267 1322 1295 non

154 1312 295 1369 possit
323 1310 446 1352 effici.
527 1309 674 1351 Huius
712 1309 883 1364 generis
923 1324 1177 1362 causarum,
1226 1310 1321 1351 sine

154 1384 243 1424 quo
273 1384 364 1410 non
387 1365 591 1415 efficitur,
622 1366 706 1407 alia
727 1374 829 1408 sunt
849 1366 1014 1422 quieta,
1046 1367 1154 1408 nihil
1179 1380 1321 1422 agen-

152 1427 236 1479 tia,
283 1424 436 1467 stolida
467 1423 817 1478 quodammod03
871 1430 918 1464 ut
948 1422 1091 1474 loeus,
1129 1432 1320 1481 tempus,

151 1483 383 1528 materiae,
420 1480 701 1528 ferramenta,
743 1487 786 1520 et
815 1488 958 1522 cetera
989 1481 1165 1536 generis
1196 1484 1318 1524 eius-

151 1539 279 1590 demg,
323 1538 404 1579 alia
435 1545 580 1578 autem
611 1538 970 1594 praecursionem
995 1539 1213 1592 quandam
1235 1538 1317 1578 ad·-

149 1597 302 1639 hibent
341 1596 393 1636 ad
434 1593 738 1647 efficiendum,
790 1602 832 1636 et
869 1594 1082 1649 quaedam
1124 1593 1318 1636 afferunt·

149 1668 231 1711 per
262 1668 308 1694 se
334 1652 607 1702 adiuvantia,
647 1653 726 1693 etsi
755 1667 844 1693 non
878 1651 1143 1698 necessaria,
1184 1660 1232 1693 ut
1261 1667 1316 1693 a-

149 1711 265 1753 mori
295 1709 542 1763 congressio
572 1723 746 1751 causam
772 1709 992 1757 attulerit,
1031 1723 1158 1750 amor
1182 1708 1316 1765 flagi-

149 1769 225 1811 tio.
286 1769 359 1809 Ex
390 1767 472 1807 hoc
501 1781 660 1822 genere
690 1780 939 1816 causarum,
970 1780 1027 1807 ex
1058 1766 1315 1807 aeternitate

148 1824 460 1882 pendentium,
493 1824 633 1865 fatum
662 1839 688 1864 a
718 1821 870 1865 Stoicis
894 1823 1096 1865 nectitur.
1164 1823 1314 1878 Atque

148 1891 200 1924 ut
237 1896 390 1923 earum
431 1895 685 1929 causarum,
738 1881 832 1922 sine
869 1880 1026 1935 quibus
1067 1878 1179 1922 effici
1219 1894 1312 1922 non

147 1947 315 1995 potest,
363 1953 522 1993 genera
552 1937 705 1989 divisi3
755 1938 817 1978 sic
858 1938 988 1978 etiam
1027 1936 1310 1978 efficientium

147 1993 284 2039 dividi
314 2002 514 2050 possunt.
572 1996 684 2037 Sunt
713 1995 833 2036 enim
862 1994 970 2036 aliae
999 2008 1169 2046 causae,
1199 2007 1312 2049 quae

194 2154 230 2198 1)
255 2156 318 2186 Ita
339 2153 450 2185 edidit
468 2154 555 2186 Em.
593 2151 706 2197 Vulgo
725 2150 838 2184 male:
871 2157 962 2185 certe
987 2150 1102 2183 efficit.

192 2232 229 2276 2)
254 2231 312 2264 Sic
331 2237 424 2264 recte
440 2234 527 2265 Em.
551 2245 590 2265 ex
609 2232 760 2275 edd.pr.
777 2243 844 2276 pro
868 2230 966 2276 vulg.
990 2230 1126 2264 habeat.
