1424 2508
146 181 169 214 4
354 173 483 211 me
505 175 568 210 DE
596 173 761 211 cLAms
789 158 1096 214 onA‘rothis

205 258 452 309 Popillium,
484 256 528 294 C.
566 257 852 304 Flamim'um„
870 260 921 308 Q.
959 260 1128 299 Fabium
1168 260 1306 300 Maxi-

206 328 316 353 mum
344 315 637 361 Verruoesmn,
668 315 719 364 Q.
742 316 968 356 Metellum.
991 331 1024 354 c.
1054 319 1117 357 14.

150 442 382 492 Sequuntur
412 439 464 486 ii,
503 438 552 477 de
579 440 719 490 quibus
751 438 898 476 certior
931 439 1180 490 eloquentiae
1213 454 1300 478 me·

208 499 334 536 moria
366 497 584 542 constabat,
615 497 658 532 in
688 495 828 545 hisque
856 496 1030 545 primum
1060 497 1116 534 M.
1143 497 1300 534 Corne·

201 556 302 600 lius,
334 552 550 601 Cethegus,
582 566 616 589 c.
640 551 704 592 15.
725 551 781 589 M.
804 550 901 587 Cato
925 551 1158 598 Censorius,
1184 555 1300 591 cuius

209 609 408 649 orationes
443 615 482 646 et
513 608 709 645 oratoriae
743 607 879 645 laudes
909 621 997 645 cum
1028 608 1149 659 Lysia
1188 624 1302 647 com-

208 673 416 721 parantur,
447 671 487 703 et
514 679 586 702 cur
612 664 676 702 hic
706 664 864 702 felicior
894 665 945 701 sit
971 665 1017 702 ab
1044 667 1152 702 omni
1181 666 1299 704 laude

210 738 326 775 quam
360 723 449 767 ille,
480 722 706 772 exponitur.
740 735 772 757 c.
808 718 995 771 16—19.
1053 722 1150 760 Post
1180 722 1302 760 Cato-

202 780 572 848 neinrnpminantur
591 778 770 831 quidam,
800 778 868 828 qui
890 791 978 814 Cum
1001 791 1047 814 eo
1070 779 1300 831 grandiores

205 844 302 876 natu
319 836 521 880 vixerant,
553 830 857 879 C.{I¹‘l‹‘uniuius,
890 833 936 871 C.
955 834 1104 881 Varro,
1136 836 1186 884 Q.
1207 836 1297 873 Ma-

205 895 361 942 ximus,
392 893 442 940 Q.
472 892 682 936 Metellus,
717 891 763 929 P.
792 891 1010 935 Lentulus,
1047 892 1092 930 P.
1122 891 1297 938 Crassus,

207 951 341 1001 Scipio
369 948 602 995 Africanus,
640 949 804 998 eiusque
833 946 958 991 filius,
997 948 1088 985 Sex.
1138 948 1298 996 Aelius;

205 1008 350 1046 deiude
374 1007 547 1043 minores
575 1010 712 1054 aetate,
741 1004 786 1040 C.
811 1004 1010 1054 Sulpicius
1041 1004 1200 1050 Gallus,
1231 1005 1297 1042 Ti.

205 1063 431 1109 Gracchus,
477 1061 522 1098 P.
551 1061 615 1106 F.,
648 1061 694 1099 P.
729 1060 865 1110 Scipio
898 1060 1044 1097 Nasica
1070 1060 1299 1107 Corculum,

121 1123 332 1173 ’ἫΜΩηεῖ
360 1119 416 1157 M.
447 1118 701 1170 Nobilior-es,
742 1117 793 1155 T.
829 1115 984 1153 Annius
1023 1114 1206 1163 Luscus,
1246 1118 1298 1158 L.

200 1169 365 1218 Paullus
387 1173 690 1218 Macedonicus,
716 1170 898 1210 Africani
924 1172 1091 1210 iunioris
1109 1180 1233 1224 pater,
1264 1187 1298 1211 c.

198 1223 397 1274 ¹:i'ostuni
426 1230 474 1269 A.
508 1229 696 1273 Albinus,
748 1229 830 1274 Ser.
861 1229 1005 1264 Fabius
1041 1229 1197 1277 Pictor,
1246 1231 1299 1279 Q.

206 1289 349 1328 Fabius
377 1286 529 1330 Labeo,
561 1286 611 1334 Q.
638 1284 844 1330 Metellus,
873 1284 920 1322 L.
952 1285 1085 1329 Caua,
1117 1286 1162 1325 C.
1193 1287 1298 1324 Lae-

203 1340 301 1393 lius,
341 1343 386 1380 P.
421 1341 634 1379 Africanus
671 1341 825 1386 iunior,
867 1342 963 1378 Ser.x
992 1341 1127 1380 Galba.
1160 1357 1193 1380 c.
1226 1357 1296 1386 21.

202 1395 391 1455 Inprimis
423 1398 470 1436 de
497 1397 641 1435 horum
668 1398 813 1445 trium,
854 1397 1004 1442 Laelii,
1042 1399 1223 1439 Africani
1258 1408 1298 1438 et

114 1495 117 1498 ,
142 1491 149 1497 ,
170 1493 186 1507 ,.,
205 1451 376 1502 Galliae,
404 1455 584 1493 laudibus
612 1454 770 1492 dicitur.
796 1468 828 1491 c.
855 1457 1048 1493 22—2'4.
1245 1450 1274 1486 ‘-

147 1592 244 1630 Post
270 1590 362 1627 illos
392 1587 649 1625 nominantur
677 1586 725 1625 L.
761 1594 798 1625 et
825 1589 891 1638 Sp.
919 1588 1107 1627 Mummii
1137 1591 1294 1634 fratres,

170 1662 174 1666 ’
205 1649 275 1698 Sp.
303 1646 493 1690 Albinus,
522 1645 569 1682 L.
601 1651 640 1682 et
671 1644 718 1683 C.
748 1645 903 1682 Aurelii
931 1645 1116 1693 Orestae,
1144 1647 1190 1686 P.
1212 1648 1295 1686 Po-

194 1704 341 1755 'pillius
382 1703 545 1751 eiusque
582 1700 687 1738 filius
725 1701 856 1738 Caius.
915 1703 1042 1740 Porro
1083 1703 1127 1741 C.
1163 1705 1292 1742 Tudi-

198 1769 334 1804 tanus,
373 1758 434 1797 M.
462 1759 675 1802 Octavius,
714 1760 928 1810 praecipue
958 1766 1089 1797 autem
1119 1760 1179 1801 M.
1210 1765 1293 1798 Ae—

200 1817 335 1855 milius
362 1815 540 1866 Lepidus
567 1815 751 1854 Porcina.
797 1815 956 1854 Deinde
985 1816 1037 1863 Q.
1063 1817 1292 1868 Pompeius.

197 1874 247 1911 L.
281 1872 458 1917 Cassius,
498 1872 556 1909 ’Μ.
591 1871 737 1913 Antius
773 1871 911 1920 Briso,
951 1873 1039 1913 duo:
1069 1873 1291 1926 Caepiones

199 1929 277 1967 Cu.
303 1935 343 1966 et
372 1928 424 1977 Q.
454 1942 488 1966 c.
519 1929 583 1968 25·

142 2062 330 2115 Sequitur
354 2063 398 2100 P.
422 2060 605 2106 Crassus,
634 2063 748 2099 valde
777 2063 964 2114 probatus
997 2068 1150 2110 orator,
1181 2065 1287 2102 eius-

198 2134 274 2170 que
306 2118 423 2156 aetati
446 2118 572 2155 iuncti
603 2118 680 2156 duo
712 2119 755 2156 C.
782 2119 945 2165 Fannii,
975 2119 1019 2158 C.
1050 2126 1090 2157 et
1116 2120 1171 2158 M.
1197 2122 1285 2168 filii,

194 2177 252 2214 M.
288 2175 479 2216 Scaevola
514 2188 658 2226 augur,
701 2177 799 2215 iuris
840 2177 971 2216 civilis
1008 2176 1283 2228 intelligentia,-
