1394 2503
90 169 156 201 250
192 193 194 195 v
529 168 783 204 CICERONIS

97 244 396 287 collocationis
418 245 620 287 alterum.
678 247 857 288 Horum
875 252 1063 303 uterque
1082 243 1255 287 Isocra-

95 312 184 346 tem
216 309 354 343 aetate
383 302 646 360 praecurrit:
684 311 734 344 ut
754 317 827 343 eos
848 302 921 344 ille
941 303 1258 352 moderatione,

98 375 191 402 non
213 359 467 401 inventione
489 359 653 402 vicerit.
711 361 792 402 Est
814 360 948 410 enim,
977 370 1024 401 ut
1046 361 1092 402 in
1112 368 1257 402 trans—

97 416 291 458 ferendis
335 414 626 472 faciendisque
666 416 812 458 verbis
856 416 1153 472 tranquillior,
1195 417 1258 459 sic

98 473 144 515 in
165 472 271 529 ipsis
301 478 499 514 numeris
519 474 724 516 sedatior.
782 473 968 527 Gorgias
993 480 1140 514 autem
1159 473 1258 514 avi-

100 530 199 571 dior
229 537 293 571 est
322 531 493 586 generis
524 531 637 581 eius,
669 538 711 571 et
739 529 807 570 his
839 530 1146 572 festivitatibus
1176 529 1260 583 (sio

101 586 221 629 enim
251 588 344 645 ipse
376 588 547 644 censet)
587 586 849 630 insolentius
888 587 1106 629 abutitur:
1151 600 1260 641 quas

98 644 306 687 Isocrates
338 646 496 700 gq'uum
529 653 676 686 tamen
705 644 940 686 audivisset
959 646 1003 686 in
1031 643 1262 686 Thessalia

100 702 350 743 adolescens
394 717 542 742 senem
574 701 663 742 iam
694 701 958 757 Gorgiam‚)
996 701 1263 742 moderatius

99 758 374 815 temperavit.
447 759 567 814 Quin
613 759 745 799 etiam
793 774 838 799 se
861 762 1034 814 ipsum¹
1073 765 1262 809 tantum,

100 824 317 871 quantum
330 822 469 856 aetate
487 815 762 872 procedebat,
773 817 936 872 (prope
951 814 1070 857 enim
1082 822 1263 856 centum

100 871 288 914 confecit
317 882 487 923 annos,)
517 875 735 914 relaxarat
766 886 790 911 a
832 872 970 914 nimia
1007 871 1263 913 necessitate

35 972 40 975 ,
99 943 420 972 numerorum:
450 930 565 987 quod
597 929 787 977 declarat
816 928 860 969 in
891 944 941 970 eo
970 928 1096 978 libro,
1127 941 1262 983 quem

100 986 154 1027 ad
186 986 444 1041 Philippum
476 987 762 1027 Macedonem
783 986 977 1042 scripsit,
1009 999 1145 1041 quum
1171 985 1261 1026 iam

101 1043 340 1085 admodum
374 1050 486 1086 esset
514 1058 676 1084 senex:
718 1042 765 1082 in
797 1057 884 1097 quo
916 1042 1022 1084 dicit
1049 1056 1142 1083 sese
1170 1041 1264 1083 mi-

100 1115 185 1141 nus
216 1102 304 1141 iam
337 1100 503 1141 servire
535 1100 757 1148 numeris,
790 1114 921 1154 quam
953 1099 1104 1140 solitus
1133 1105 1263 1143 esset.

100 1158 166 1199 Ita
197 1172 283 1198 non
312 1157 445 1198 modo
476 1157 755 1216 superioreS‚
785 1157 861 1198 sed
886 1156 1017 1199 etiam
1037 1171 1083 1198 se
1111 1155 1263 1212 ipsum

99 1221 368 1256 correxerat.
810 1231 812 1234 ’

209 1327 328 1371 LIII.
389 1326 613 1382 Quoniam
626 1326 762 1382 igitur
774 1325 986 1367 habemus
1007 1334 1134 1383 aptae
1156 1338 1268 1375 ota-

100 1384 231 1426 tionis
263 1399 335 1426 eos
371 1383 613 1441 principes,
651 1391 959 1438 auctoresque,
999 1397 1107 1437 quos
1144 1381 1265 1423 dixi-

100 1443 257 1482 mus:2
296 1449 338 1482 et
360 1443 481 1494 origo
501 1441 681 1482 inventa
703 1448 790 1489 θεῖς
806 1444 820 1468 ³
851 1454 991 1481 causa
1010 1445 1263 1495 quaeratur.

102 1498 228 1553 Quae
253 1498 311 1539 sic
330 1505 479 1554 aperta
510 1505 587 1545 est,
620 1505 666 1538 ut
689 1497 841 1547 mirer,
868 1504 1038 1538 veteres
1060 1511 1147 1537 non
1167 1509 1265 1536 esse

102 1562 370 1601 commotos,
400 1554 667 1610 praesertim
697 1569 860 1609 quum,
891 1562 941 1594 ut
970 1552 1042 1600 fit,
1073 1551 1262 1593 fortuito

102 1628 231 1669 saepe
263 1612 423 1666 aliquid
454 1613 658 1653 concluse
689 1619 875 1666 apteque
897 1609 1115 1659 dicerent3
1144 1607 1265 1664 quod

101 1683 241 1725 quum
271 1669 440 1710 animos
471 1668 702 1710 hominum
720 1699 731 1719 ,
763 1680 978 1721 auresque
1006 1665 1262 1721 pepulisset,

100 1734 150 1767 ut
180 1725 360 1781 intelligi
395 1734 562 1780 posset,
593 1725 663 1775 id,
704 1723 819 1778 quod
851 1737 971 1764 casus
1017 1722 1263 1771 effudisset,

101 1782 307 1824 cecidisse
336 1783 550 1824 iucunde:
581 1780 823 1823 notandum
857 1786 972 1822 certe
1001 1794 1163 1834 genus,
1194 1785 1263 1818 at-

103 1854 188 1894 que
217 1839 302 1895 ipsi
333 1839 413 1880 sibi
442 1838 645 1882 imitandi
679 1837 871 1880 suerunt.
927 1837 1078 1879 Aures
1124 1836 1262 1881 enim,

149 1986 188 2029 1)
216 1985 330 2029 Vulgo
355 1998 389 2018 se
414 1987 498 2029 ipse.
570 1985 640 2019 Sed
663 1990 697 2016 et
730 1983 764 2015 h.
790 1982 814 2017 l.
849 1989 884 2015 et
912 1979 1043 2026 paullo
1068 1984 1152 2024 post
1177 1983 1263 2009 ante

103 2040 299 2066 corn—xerat
322 2030 554 2075 oppositionis
580 2031 633 2062 vis
660 2030 810 2074 requirit
836 2041 871 2061 se
897 2029 1019 2071 ipsum.

146 2078 185 2120 2)
214 2077 327 2120 Vulgo
353 2078 505 2110 dicimus.
561 2080 670 2110 Recte
693 2082 813 2107 autem
837 2076 926 2106 L‘rn}
945 2085 964 2106 e
986 2073 1058 2106 MS.
1090 2069 1176 2103 Asc-
1202 2078 1262 2100 re-

98 2123 221 2155 stituit
246 2124 405 2155 diximus.
1231 2158 1236 2164 Ι

143 2170 182 2206 5)
209 2167 328 2211 Guel'f.
362 2169 395 2201 3.
433 2168 533 2210 origo
568 2166 708 2198 inventa
740 2172 801 2202 est,
835 2170 875 2196 ut
905 2164 993 2196 haec
1013 2161 1063 2195 aad
1087 2159 1260 2210 epodo-sm

99 2207 314 2257 referantur.
362 2212 558 2257 salgatum
591 2211 752 2256 defendit
788 2211 1002 2244 Goerenzms
1036 2206 1085 2239 ad
1119 2206 1188 2238 Cic.
1222 2203 1265 2235 de

109 2261 183 2293 filii,
215 2262 239 2291 l.
269 2271 299 2299 '7‘-
