1394 2503
356 159 571 194 ORATOR.
619 160 723 194 CAP.
747 159 800 194 58.
830 159 892 206 59.⁴
1166 168 1232 202 ,ει

71 241 202 283 e'tiam
232 237 447 281 difficilius
478 247 540 281 est
569 240 768 281 oratione
796 240 886 289 uti,
916 254 1048 296 quam
1081 245 1232 288 versi-

70 299 174 348 bus3
214 297 330 352 quod
361 297 447 338 illis
479 306 595 338 certa
628 298 841 353 quaedam
873 305 915 339 et
944 299 1124 343 definita
1152 303 1228 346 lex

65 356 155 400 est,
187 368 318 408 quam
350 355 472 408 sequi
503 354 557 394 sit
578 369 775 404 necesse3
803 356 850 396 in
874 355 1057 397 dicendo
1077 366 1226 402 autem

67 411 180 453 nihil
200 419 265 452 est
291 410 594 468 propositum,
625 410 710 451 nisi
727 417 777 451 ut
799 426 852 453 ne
879 415 894 434 ¹
918 413 1224 468 immoderata,

65 475 142 510 aut
171 476 377 522 angusta,
407 476 480 508 aut
510 469 740 517 dissoluta,
769 476 844 509 aut
870 468 1011 512 fluens
1034 472 1090 512 sit
1121 489 1226 515 ora-

64 527 141 567 tio.
201 525 347 579 Itaque
378 540 466 565 non
498 533 600 566 sunt
628 526 674 566 iu
717 540 764 566 ea
794 532 1019 582 tamquam
1053 528 1226 574 tibicini

61 582 402 638 percussionum
434 583 574 630 modi,
606 583 678 624 sed
699 583 904 624 universa
927 587 1228 640 comprehen-

64 640 129 680 sio
163 646 205 680 et
234 641 396 694 species
415 640 621 680 orationis
644 639 791 680 clausa
820 646 863 680 et
880 641 1111 684 terminata
1135 652 1224 698 est5

64 695 181 752 quod
218 695 445 753 voluptate
473 696 649 738 aurium
678 697 913 740 iudicatur.

146 798 268 841 LIX.
320 794 438 839 Solet
467 805 614 840 autem
635 798 806 853 quaeri,
835 806 985 843 totone
1013 800 1062 843 in
1093 799 1224 844 amb-

61 855 125 897 itu
153 856 393 897 verborum
421 856 596 896 numeri
614 856 790 897 tenendi
808 857 917 906 sint,
957 873 1012 899 an
1039 859 1088 901 in
1120 859 1224 916 pri—

60 913 145 954 mis
174 912 394 968 partibus,
424 921 553 967 atque
582 913 629 954 in
659 914 895 963 extremis,
926 930 983 955 an
1006 916 1152 957 solum
1172 917 1222 959 in

60 969 285 1010 extremis.
305 970 326 991 2
386 969 587 1022 Plerique
606 967 727 1010 enim
748 978 928 1012 censent
948 972 1102 1014 cadere
1124 982 1223 1015 tan-

59 1033 157 1067 tum
187 1038 424 1067 numerose
454 1031 672 1081 oportere,
702 1026 1019 1082 terminarique
1041 1037 1222 1071 senten-

59 1082 179 1124 tiam.
238 1082 318 1123 Est
348 1089 523 1133 autem,
563 1088 612 1123 ut
640 1081 683 1122 id
715 1083 910 1124 maxime
940 1084 1101 1136 deceat,
1130 1100 1221 1128 non

58 1147 108 1179 ut
128 1139 175 1180 id
205 1138 363 1179 solum.
386 1142 400 1166 ³
461 1138 697 1181 Ponendus
728 1142 792 1180 est
823 1140 941 1182 enim
969 1141 1044 1182 ille
1071 1143 1218 1184 ambi·

57 1203 146 1244 tus,'
161 1209 251 1236 non
267 1194 544 1236 abjiciendus.
592 1195 743 1251 Quare
759 1208 899 1251 quum
915 1212 1044 1238 aures
1066 1207 1219 1242 extre-

56 1267 184 1295 mum
213 1267 389 1308 semper
407 1258 675 1307 exspectent,
706 1253 752 1294 in
772 1268 907 1309 eoque
927 1255 1220 1310 acquiescant,

55 1310 104 1352 id
133 1322 292 1351 vacare
321 1323 508 1351 numero
539 1323 630 1350 non
660 1316 855 1365 oportet:
899 1311 972 1352 sed
1013 1312 1066 1353 ad
1097 1310 1223 1355 hund

57 1367 228 1408 exitum
260 1374 407 1407 tamen
439 1381 464 1406 a
494 1366 712 1423 principio
743 1365 852 1408 ferri
883 1366 1012 1409 debet
1054 1372 1216 1413 verbo-

55 1438 161 1466 rum
190 1422 266 1464 illa
305 1420 670 1479 comprehensio,
708 1430 752 1464 et
787 1431 877 1465 tota
915 1440 940 1466 a
978 1422 1119 1481 capite
1157 1428 1218 1470 ita

55 1480 213 1530 fluere,
245 1485 293 1520 ut
323 1477 375 1519 ad
400 1487 653 1520 extremum
677 1479 856 1521 veniens
874 1479 967 1538 ipsa
988 1483 1211 1527 consistat.

55 1537 107 1578 Id
137 1540 285 1578 autem
324 1536 437 1577 bona
476 1534 700 1591 disciplina
739 1537 1014 1586 exercitatis,
1054 1540 1130 1594 qui
1171 1550 1218 1584 et

55 1595 196 1636 multa
225 1592 502 1648 scripserint,
534 1601 574 1634 et
614 1607 916 1648 quaecumque
953 1593 1082 1636 etiam
1121 1595 1216 1640 sine

55 1651 219 1707 scripto
249 1651 459 1696 dicerent,
491 1649 649 1693 similia
676 1650 944 1705 scriptorum
974 1651 1215 1705 effecerint,

56 1722 147 1748 non
176 1706 260 1748 erit
279 1705 598 1750 difficillimum.
656 1707 774 1748 Ante
791 1706 912 1749 enim
933 1706 1215 1753 circumscri-

55 1763 176 1805 bitur
196 1770 342 1804 'mente
359 1766 587 1812 sententia,
611 1763 931 1818 confestimque
952 1764 1085 1806 verba
1113 1782 1216 1809 con·

57 1827 265 1869 currunt3
295 1833 403 1873 quae
434 1835 554 1861 mens
586 1819 761 1871 eadem,
793 1835 876 1876 qua
906 1822 1017 1863 nihil
1047 1832 1110 1866 est
1137 1839 1212 1866 ce-

55 1876 215 1926 lerius,
253 1876 398 1916 statim
428 1877 632 1924 dimittit,
671 1883 720 1917 ut
758 1892 837 1918 suo
876 1878 1080 1935 quodque
1112 1882 1211 1923 loco

56 1931 339 1989 respondeat3
370 1947 562 1988 quorum
592 1933 831 1990 descriptus
863 1934 972 1976 ordo
995 1934 1099 1979 alias
1129 1939 1213 1980 alia.

103 2038 134 2078 1)
158 2039 246 2070 Ern.
267 2044 301 2069 et
321 2039 390 2071 alii
413 2039 557 2085 quidam
585 2034 679 2076 nuile
697 2050 754 2077 aut
779 2057 834 2077 ne.
883 2043 1049 2077 Lambin.
1069 2059 1112 2079 ne
1142 2052 1211 2080 aut.

101 2083 141 2125 2)
165 2094 206 2159 arti
227 2084 338 2116 solum
356 2085 391 2118 in
408 2088 568 2120 extremis
586 2090 711 2123 addidi
721 2094 871 2135 propter
889 2101 931 2123 ea
952 2088 1213 2138 quaeprdximl

53 2138 185 2172 sequun
207 2140 260 2161 ιιν.

100 2173 134 2217 5)
164 2172 277 2219 Vulgo
308 2187 379 2208 non
405 2177 440 2210 id
470 2179 592 2213 solnm.

101 2226 169 2261 (⁷2¹0.
196 2231 284 2274 Opp.
315 2233 410 2266 Tum.
434 2234 512 2266 III.
883 2224 938 2267 1ss
