1394 2503
106 147 142 182 S.
167 146 230 181 DE
256 143 425 179 CLARIS
448 141 759 178 ORATORIBUS
784 142 953 188 CAP.9.·⁷›.
969 143 1022 190 96.
1046 154 1100 190 97.
1129 146 1190 191 142

35 221 212 284 gravius
241 223 448 280 quiddam
478 224 743 279 requireret,
772 224 1029 267 remanebat
1060 225 1195 277 idem,

34 300 118 326 nec
155 283 336 325 decebat
383 281 529 332 idern3
584 281 787 337 quodque
833 282 1195 324 exercitationem

36 340 317 394 studiumque
345 337 584 385 dimiserat,
615 340 731 393 quod
760 339 809 380 in
830 354 882 380 eo
905 339 1050 381 fuerat
1069 354 1195 382 acer-

34 398 222 448 rimum,
266 396 538 437 concinnitas
567 395 643 436 illa
680 396 975 451 crebritasque
1014 406 1194 438 senten-

36 454 200 497 tiarum
237 453 418 509 pristina
456 453 684 501 manebat,
724 453 798 493 sed
839 469 891 494 ea
930 455 1090 495 vestitu
1119 454 1196 495 illo

37 511 280 557 orationis,
319 524 406 563 quo
438 518 747 556 consueverat,
787 518 939 551 ornata
967 525 1057 551 non
1088 520 1194 552 erat.

34 568 136 610 Hoc
166 566 245 608 tibi
275 565 368 615 ille,
399 567 568 615 Brute,
612 566 760 609 minus
790 567 972 608 fortasse
1010 568 1197 624 placuit,

36 640 170 681 quam
208 622 462 679 placuisset,
507 624 544 664 si
572 623 701 664 illuni
728 623 992 677 flagrantem
1021 626 1196 676 studio,

36 690 79 724 et
106 680 338 723 florentem
370 679 573 723 facultate
613 681 764 722 audire
792 683 1021 736 potuisses.

123 759 287 802 XCVI.
347 758 469 799 Tum
513 757 695 810 Brutus,
735 758 828 814 Ego
858 774 991 809 vero,
1028 759 1197 815 inquit,

41 825 84 860 et
110 816 207 866 ista,
239 830 350 871 quae
381 815 499 863 dicis,
531 814 662 856 video
693 813 840 871 qualia
871 815 975 865 sint,
1007 825 1050 858 et
1070 818 1197 860 Hor-

36 873 227 916 tensium
273 886 481 927 magnum
531 881 751 914 oratorem
802 887 978 929 semper
1021 875 1200 931 putavi,

36 931 332 984 maximeque
358 929 543 984 probavi
578 944 661 985 pro
704 931 910 972 Messalla
956 931 1201 981 dicentem,

40 1002 180 1044 quum
201 994 249 1027 tu
277 985 464 1027 abfuisti.

123 1045 194 1085 Sic
234 1042 409 1094 ferunt,
457 1042 661 1098 inquam,
701 1040 831 1098 idque
868 1042 1057 1087 declarat
1093 1045 1202 1087 toti-

38 1101 163 1150 dem,
195 1107 301 1155 quot
324 1100 457 1145 dixit,
486 1108 536 1140 ut
564 1100 699 1147 aiunt,
727 1100 891 1155 scripta
921 1102 1066 1143 verbis
1093 1117 1200 1143 ora-

40 1158 112 1199 tio.
172 1156 406 1212 Ergoille
437 1171 462 1196 a
500 1156 659 1198 Crasso
698 1157 874 1197 consule
916 1166 957 1198 et
994 1160 1202 1200 Scaevola

38 1229 180 1269 usque
209 1216 261 1255 ad
292 1213 496 1255 Paullum
528 1221 569 1254 et
587 1214 853 1255 RIarceHum
883 1218 1085 1257 consules
1114 1216 1206 1257 sso-

42 1273 154 1321 ruit3
197 1285 276 1312 nos
305 1270 352 1312 in
383 1271 536 1311 eodem
578 1286 707 1311 cursu
734 1270 898 1312 fuimus
928 1286 952 1312 a
982 1272 1101 1314 Sulla
1131 1272 1204 1313 di-

47 1335 210 1370 ctatore
252 1328 306 1369 ad
358 1328 535 1368 eosdem
582 1327 674 1369 fere
713 1328 929 1370 consules.
1031 1329 1101 1371 Sic
1144 1330 1202 1386 Q.

41 1384 272 1427 Hortensii
310 1399 401 1426 vox
442 1384 655 1427 exstincta
693 1385 783 1427 fato
825 1401 903 1427 suo
934 1395 1024 1437 est,
1054 1393 1204 1429 nostra

43 1442 240 1499 publico.

128 1497 320 1550 Melum,
361 1513 544 1554 quaeso,
575 1498 795 1549 ominare,
822 1499 969 1554 inquit
997 1499 1175 1540 Brutus.

129 1556 193 1597 Sit
229 1570 333 1596 sane
373 1563 423 1596 ut
450 1556 541 1608 vis,
580 1555 791 1611 inquam3
838 1563 880 1597 et
917 1556 962 1596 id
994 1571 1082 1597 non
1112 1563 1205 1598 tam

41 1624 144 1653 mea
180 1626 332 1663 causa,
372 1627 507 1668 quam
543 1620 640 1654 tua:
680 1614 754 1654 sed
793 1612 1044 1654 fortunatus
1085 1612 1206 1654 illius

45 1669 212 1717 exitus,
250 1669 325 1725 qui
366 1685 416 1711 ea
444 1685 536 1723 non
565 1669 670 1711 vidit
699 1684 837 1725 quum
866 1669 1049 1719 fierent,
1093 1683 1207 1723 quae

42 1726 242 1782 providit
278 1725 439 1768 futura.
511 1727 650 1782 Saepe
689 1727 808 1768 enim
847 1727 961 1773 inter
995 1742 1076 1768 nos
1115 1725 1208 1767 im-

45 1781 286 1836 pendentes
317 1798 440 1825 casus
471 1782 748 1835 deflevimus,
792 1798 928 1839 quum
958 1783 1064 1824 belli
1093 1783 1208 1825 civi-
1236 1803 1238 1805 ’

46 1838 101 1879 lis
142 1852 291 1880 causas
330 1839 375 1879 in
405 1840 682 1895 privatorum
721 1840 1028 1897 cupiditatibus
1057 1839 1205 1881 inciu—

46 1909 129 1947 sas,
159 1896 280 1952 pacis
310 1911 434 1951 spem
464 1912 488 1937 a
522 1897 697 1952 publico
723 1897 904 1939 consilio
927 1911 1020 1938 esse
1051 1897 1209 1938 exclu-

47 1965 141 1992 sam
185 1951 445 1994 videremus.
514 1953 599 1995 Sed
637 1954 768 1996 illum
807 1953 982 1995 videtur
1029 1952 1213 1996 felicitas

47 2007 210 2063 ipsius,
252 2025 338 2064 qua
367 2025 540 2066 semper
570 2020 634 2054 est
661 2026 790 2064 usus,
829 2012 882 2052 ab
912 2012 974 2050 eis
1004 2011 1209 2062 miseriis,

48 2078 157 2120 quae
186 2075 443 2109 consecutae
466 2076 595 2118 sunt,
632 2076 776 2111 morte
806 2067 1064 2111 vindicasse.

133 2153 320 2199 XCVII.
349 2157 443 2201 Nos
477 2167 644 2212 autem,
675 2160 839 2212 Brute,
870 2158 1079 2214 quoniam
1108 2164 1207 2214 post

49 2208 296 2266 Hortensii,
336 2214 566 2260 clarissimi
606 2217 816 2268 oratoris,
855 2223 1045 2257 mortem
1075 2216 1207 2256 orbae
