1394 2503
230 176 267 211 S.
293 174 357 210 DE
382 171 550 208 CLARIS
575 169 884 207 ORATORIBUS
910 171 1012 206 CAP.
1041 172 1090 206 18.
1119 182 1170 218 ²9·
1238 171 1282 205 35

118 259 232 317 ipso,
264 263 498 311 antequam
520 260 645 295 natus
667 259 732 293 est
750 251 944 303 Ennius3
971 259 1069 307 post
1088 250 1279 292 Romam

120 313 341 357 conditam
381 319 529 352 autem
568 308 894 366 quartodecimo
932 317 976 350 et
1013 308 1278 363 quingente—

118 373 254 420 sim0,
294 375 345 410 ut
382 368 451 409 hic
489 369 573 413 ait,
614 364 744 422 qu'em
782 380 863 407 nos
899 366 1139 421 sequimur.
1199 365 1278 406 Est
1337 383 1340 385 >

118 429 239 471 enim
283 426 400 468 inter
447 425 679 478 scriptores
723 423 776 464 de
822 437 1010 463 numero
1056 436 1278 463 annorum

118 483 431 527 controversia.
517 481 663 522 Attius
707 488 856 521 aulem
900 493 925 519 a
969 479 1025 536 Q.
1071 478 1275 521 Maximo

119 542 322 598 quintum
354 537 532 580 consule
559 544 733 594 captum
764 537 960 578 Tarento
989 535 1163 592 scripsit
1192 535 1276 577 Li-

118 599 268 647 vium,
309 596 434 638 annis
468 608 567 636 xxx
603 601 727 650 post,
770 608 902 648 quam
942 607 1043 634 eum
1082 593 1277 634 fabulam

119 655 316 698 docuisse
345 658 385 693 el
415 652 584 693 Atticus
613 650 787 697 scribit,
830 658 870 691 et
900 665 978 691 nos
1009 651 1055 691 in
1085 649 1275 705 antiquis

120 708 445 754 commentariis
485 706 759 753 invenimus
801 706 999 748 docuisse
1029 716 1176 749 autem
1207 706 1277 747 sa-

118 768 270 810 hulam
301 764 423 808 annis
454 772 552 820 post
581 777 633 806 XI
660 763 709 805 C.
736 763 963 816 Cosnelio,
994 764 1051 819 Q
1076 763 1274 804 Minucio

119 823 392 874 consulibus,
435 821 551 863 ludis
594 821 855 872 luvematis,
908 835 1016 875 quos
1056 822 1275 863 Salinator

119 880 299 923 Senensi
327 878 491 935 praelio
523 884 717 919 voverat.
773 877 823 918 In
853 891 940 932 quo
970 885 1115 918 tantus
1147 892 1276 918 error

118 938 229 980 Attii
265 936 371 982 fuit,
411 943 459 976 ut
495 933 562 975 his
600 933 846 976 consulibus
876 947 940 976 XL
969 949 1108 975 annos
1147 942 1274 976 natus

117 993 291 1037 Ennius
310 992 462 1033 suerit:
483 991 548 1031 cui
573 1005 710 1046 quum
726 996 739 1013 ¹
756 991 947 1045 aequalis
966 989 1096 1031 fuerit
1107 991 1275 1044 Livius,

118 1051 267 1093 minor
304 1049 389 1090 fuit
418 1048 641 1102 aliquanto
678 1049 740 1098 is,
779 1048 853 1101 qui
879 1047 1049 1104 primus
1080 1046 1273 1089 fabulam

119 1107 259 1159 dedit,
308 1120 440 1162 quam
479 1104 534 1149 ii,
587 1104 662 1159 qui
698 1103 857 1146 multas
896 1105 1137 1147 docuerant
1176 1112 1276 1147 ante

116 1164 198 1206 hos
227 1163 451 1213 consules,
480 1161 661 1202 Plautus
695 1168 737 1204 et
765 1161 976 1203 Naevius.
998 1163 1019 1184 2
1188 1175 1191 1177 ·

204 1286 329 1330 XIX.
379 1285 501 1328 Haec
539 1285 576 1327 si
612 1285 761 1327 minus
801 1293 900 1342 apta
937 1285 1143 1327 videntur
1171 1285 1278 1329 huic

123 1344 338 1390 sermoni,
380 1344 538 1389 Brute,
577 1341 724 1384 Attico
762 1344 954 1397 assigna,
998 1343 1073 1399 qui
1101 1358 1174 1385 me
1201 1344 1276 1384 in-

121 1399 366 1444 flammavit
395 1399 559 1450 studio9
590 1399 830 1442 illustrium
849 1401 1087 1442 hominum
1116 1408 1274 1443 aetates

121 1467 164 1501 et
191 1466 391 1514 tempora
418 1456 722 1513 persequendi.

205 1529 299 1585 Ego
330 1543 455 1579 vei-0,
496 1526 642 1582 inquit
669 1527 852 1578 Brutus,
890 1534 932 1569 et
969 1526 1157 1569 delector
1193 1526 1276 1570 ista

122 1587 245 1643 quasi
272 1585 494 1633 notatione
522 1594 799 1641 temporum,
831 1591 874 1625 et
891 1585 944 1625 ad
968 1584 1034 1635 id,
1065 1583 1181 1638 quod
1201 1584 1275 1624 in·-

123 1643 301 1686 stituisti
351 1649 579 1684 oratorum
616 1654 776 1695 genera
814 1641 1080 1695 distinguere
1120 1642 1275 1683 aetati-

123 1702 228 1752 bus,
278 1699 408 1741 istam
449 1697 720 1754 diligentiam
764 1712 858 1739 esse
899 1699 1273 1740 accommodatam

127 1765 249 1815 puto-

208 1828 368 1878 Recte,
409 1827 618 1883 inquam,
660 1825 821 1874 Eune,
865 1826 1095 1882 intelligis:
1145 1834 1290 1882 atque·

123 1885 292 1929 utinam
330 1891 552 1927 exstarent
591 1882 668 1925 illa
705 1883 925 1932 carmina,
976 1899 1088 1940 quae
1125 1886 1277 1926 multis

125 1943 303 1985 saeculis
322 1950 421 1983 ante
440 1956 566 1982 suam
583 1947 768 1981 aetatem
796 1941 842 1982 in
873 1941 1013 1996 epulis
1046 1956 1140 1983 esse
1169 1956 1275 1983 can-

126 1999 250 2043 titata
268 2016 293 2042 a
314 1997 489 2055 singulis
518 1996 716 2040 convivis
747 1996 799 2037 de
827 1998 1048 2040 clarorum
1074 1999 1275 2041 virorum
1315 2051 1323 2060 ⁶

146 2207 148 2209 -
169 2184 207 2227 ¹21)
228 2184 358 2219 Malim
384 2198 462 2218 cum
488 2184 720 2218 Schneidero:
746 2182 801 2216 cui
827 2182 856 2216 si
884 2181 1045 2228 aequalis:

174 2244 212 2283 7)
240 2242 352 2287 Vulgo
380 2250 412 2277 et
436 2244 577 2278 Plautus
603 2241 830 2283 amam-ius.
