1394 2503
151 155 218 189 300
605 149 862 188 CICERONIS

151 233 364 290 contingit
400 231 448 275 in
485 230 818 274 laudationibus.
888 231 1007 275 Nam
1051 241 1124 274 aut
1161 233 1313 289 negari

151 298 314 349 potest,
358 290 401 332 id
440 288 605 330 factum
644 303 761 337 esse,
807 290 925 345 quod
963 290 1188 332 laudetur:
1234 297 1314 334 aut

149 363 241 391 non
271 361 323 389 eo
353 346 534 388 nomine
564 344 869 396 afficiendum,
900 361 986 400 quo
1018 347 1217 389 laudator
1239 345 1316 388 af·-

149 403 324 454 fecerit,
364 411 442 444 aut
470 403 654 444 omnino
680 417 770 443 non
799 415 891 444 esse
919 402 1156 455 laudabile,
1194 404 1312 458 quod

146 475 240 503 non
260 469 396 510 recte,
429 474 519 501 non
541 459 636 500 iure
653 459 821 501 factum
840 459 911 501 sit.
971 459 1141 515 Quibus
1161 462 1313 503 omni—

146 518 229 561 bus
258 517 492 573 generibus
523 531 626 557 usus
657 523 721 558 est
749 517 882 558 nimis
896 517 1176 573 impudenter
1195 517 1313 560 Cae-

147 590 219 618 sar
247 581 403 616 conti-a
431 572 647 615 Catonem
677 587 838 615 meum.
895 575 977 616 Sed
1001 589 1113 628 quae
1142 589 1200 616 ex
1220 582 1312 617 sta-

146 639 197 674 tu
226 631 448 672 contentio
479 629 691 681 efficitur,
742 645 841 673 eam
883 631 1042 673 Graeci
1080 631 1313 685 κρινόμενον

146 696 321 730 vocant.
385 686 505 729 Mihi
534 688 677 745 placet
703 686 774 738 id,
811 688 1020 743 quoniam
1046 687 1226 744 quidem
1256 688 1313 731 ad

145 753 191 787 te
230 745 396 796 scribo,
446 756 547 794 QUA
592 757 658 788 DE
709 757 775 786 RE
823 757 1051 797 ,mu-mi,
1100 745 1261 787 vocari.
1292 749 1308 768 ¹

148 802 324 858 Quibus
354 808 503 843 autem
535 801 639 852 hoc,
678 815 764 855 qua
794 800 846 842 de
878 817 927 844 re
956 803 1123 859 agitur,
1161 802 1311 844 conti-

143 867 296 911 netur,
337 873 412 900 eae
443 857 712 900 continentia
744 867 974 909 vocentur,
1003 859 1127 914 quasi
1154 857 1311 900 firma-

144 925 294 959 menta
338 913 631 968 defensionis,
678 914 838 970 quibus
888 915 1067 958 sublatis
1109 915 1308 958 defensio

144 973 266 1016 nulla
295 973 363 1014 sit.

230 1086 402 1130 XXVI.
447 1085 530 1127 Sed
544 1117 557 1134 ,
586 1085 797 1140 quoniam
818 1085 910 1141 lege
929 1086 1104 1130 firmius
1126 1087 1175 1130 in
1195 1101 1307 1129 con-

143 1143 369 1187 troversiis
399 1143 686 1199 disceptandis
717 1158 810 1184 esse
838 1144 952 1186 nihil
978 1144 1125 1195 debet,
1164 1143 1307 1185 danda

146 1209 210 1244 est
238 1215 392 1257 opera,
431 1208 480 1241 ut
507 1202 650 1255 legem
681 1199 939 1243 adiutricem
967 1208 1009 1242 et
1038 1207 1193 1242 testem
1222 1201 1306 1241 ad-

143 1259 384 1301 hibeamus·
443 1258 497 1298 ln
524 1270 610 1310 qua
631 1271 680 1297 re
701 1255 771 1297 alii
790 1257 911 1311 quasi
932 1265 1067 1299 status
1087 1257 1305 1298 exsistunt
1343 1281 1347 1286 ι

143 1315 271 1361 novi.
311 1315 385 1370 qui
414 1314 689 1369 appellantur
717 1313 935 1369 legitimae
957 1313 1304 1370 disceptationes.

143 1372 185 1414 T
190 1386 267 1413 um
297 1371 414 1412 enim
453 1370 708 1411 defenditur
747 1384 832 1411 non
873 1369 915 1411 id
955 1370 1097 1425 legem
1137 1370 1303 1420 dicere,

143 1427 260 1484 quod
290 1427 566 1468 adversarius
596 1426 724 1475 velit,
764 1427 838 1468 sed
870 1426 999 1468 aliud.
1067 1425 1116 1468 Id
1154 1434 1303 1469 autem

140 1485 381 1539 contingit,
430 1498 568 1539 quum
598 1484 809 1538 scriptum
839 1483 1098 1539 ambiguum
1127 1491 1213 1532 est,
1250 1490 1302 1523 ut

141 1542 254 1583 duae
274 1541 523 1583 differentes
545 1539 782 1582 sententiae
802 1540 937 1596 accipi
958 1541 1139 1597 possint.
1179 1541 1301 1582 Tum

142 1599 383 1656 opponitur
402 1597 563 1653 scripto
585 1596 789 1638 voluntas
813 1597 1060 1654 scriptoris»,
1089 1605 1138 1638 ut
1162 1611 1301 1652 quae-

140 1664 290 1707 ratur,
327 1655 519 1695 verbane
548 1654 668 1708 plus,
698 1662 772 1694 aut
800 1654 1012 1696 sententia
1040 1653 1189 1695 valere
1219 1652 1298 1694 de-

140 1713 250 1755 beat.
316 1712 437 1753 Tum
476 1711 562 1765 legi
599 1713 672 1752 lex
710 1711 930 1752 contraria
969 1709 1168 1752 affertur.
1233 1709 1300 1751 Ita

138 1776 244 1811 sunt
271 1769 360 1811 tria
385 1782 570 1822 genera,
611 1782 720 1822 quae
745 1767 1086 1810 controversiam
1104 1767 1152 1808 in
1174 1766 1297 1808 omui

138 1827 299 1881 scripto
328 1825 470 1868 facere
491 1832 693 1881 possunt,
731 1825 1011 1880 ambiguum,
1042 1824 1296 1881 discrepan-

187 1954 217 1996 1)
244 1955 462 2000 Quintilian.
473 1959 554 1990 III.
574 1968 626 1998 11,
647 1961 698 1996 18.
733 1957 907 1998 „Paulum
927 1957 963 1990 in
983 1956 1035 1989 his
1052 1966 1168 1989 secum
1191 1955 1294 1988 etiam

137 1999 263 2034 Cicero
287 2002 456 2034 dissentit.
501 2003 590 2036 Nam
613 2004 649 2036 in
677 2003 874 2036 Rhetoricis
896 2021 940 2028 —
966 2003 1216 2045 Hennagoram
1242 2007 1293 2034 est

137 2054 293 2085 secutus3
325 2047 361 2079 in
385 2048 530 2089 Topicis
554 2060 597 2081 ex
624 2055 714 2081 statu
739 2049 898 2082 effectam
921 2048 1184 2082 contentionem
1207 2059 1293 2092 κρι-

136 2088 289 2135 νόμενον
313 2092 499 2132 existimat,
524 2093 629 2137 idque
653 2095 832 2132 Trebatio,
856 2094 914 2138 qui
939 2094 1022 2126 iuris
1045 2099 1121 2125 erat
1143 2092 1290 2125 consul-

137 2144 203 2175 tus,
228 2138 385 2170 alludens
409 2150 479 2177 QUA
503 2151 550 2172 nn
575 2151 625 2172 nn
650 2152 790 2173 Ant-riui
804 2139 973 2183 appellat,
996 2139 1118 2182 quibus
1142 2137 1180 2170 id
1199 2149 1291 2170 con-

136 2183 305 2222 timeatur,
335 2184 567 2225 continentia,
600 2187 693 2228 quasi
716 2185 928 2220 firmamenta
947 2183 1180 2226 defensionis,
1212 2182 1292 2227 qui-

136 2228 201 2260 bus
225 2229 368 2263 sublatis
397 2229 556 2264 defensio
587 2231 683 2265 nulla
707 2232 784 2264 sit.¹‘
