1394 2503
168 163 235 196 522
619 155 875 193 CICERONIS

172 255 231 284 ex
268 238 401 282 rebus
438 238 555 298 ipsis.
614 238 860 280 Sumuntur
898 247 1045 284 autem
1083 241 1219 284 trium
1247 255 1325 285 re·-

171 312 275 342 rum
302 299 455 353 gratia:
483 305 533 339 ut
560 297 715 343 amice,
743 304 792 337 ut
821 295 1136 354 intelligenter,
1176 307 1224 341 ut
1253 306 1326 342 at-·

171 362 291 397 tente
335 354 583 396 audiamur.
642 353 851 407 Quorum
889 356 1056 410 primus
1099 357 1218 398 locus
1259 363 1326 398 est

167 412 216 455 iu
237 411 439 470 personis
467 410 641 460 nostris,
671 409 1021 467 disceptatorum,
1050 413 1326 455 adversario-

168 484 297 512 rum:
329 485 352 510 e
369 467 526 524 quibus
545 467 670 509 initia
695 467 1013 511 benivolentiae
1034 470 1325 512 conciliandae

170 532 502 582 comparantur,
519 532 593 565 aut
615 523 785 566 meritis
803 526 978 578 nostris,
1014 533 1092 566 aut
1106 525 1327 581 dignitate,

169 591 245 626 aut
262 583 408 637 aliquo
429 596 590 639 genere
600 582 790 633 virtutis,
819 590 862 623 et
872 583 1067 624 maxime
1080 582 1326 626 liberalita-

166 641 248 693 tis,
289 639 453 691 officii,
503 637 718 690 iustitiae,
777 638 904 690 fidei3
951 639 1269 695 contrariisque
1306 642 1323 664 ¹

166 698 301 740 rebus
332 697 378 738 in
407 695 679 738 adversarios
710 695 1008 750 conferendis,
1047 703 1090 738 et
1130 711 1231 739 cum
1260 695 1328 750 iis,

167 755 244 810 qui
275 754 538 810 disceptant,
573 752 717 807 aliqua
743 753 1060 796 coniunctionis
1090 762 1164 796 aut
1195 767 1327 796 causa

168 820 244 853 aut
280 825 357 867 spe
394 809 702 866 significanda:
753 817 818 858 et,
866 813 902 852 si
941 811 987 852 in
1027 825 1107 852 nos
1146 810 1325 867 aliquod

168 867 320 910 odium
357 867 598 908 offensiove
628 867 842 909 concitata
872 870 893 890 2
937 867 1015 918 sit,
1054 868 1244 909 tollenda
1276 881 1326 908 ea

167 923 487 975 minuendave,
530 930 606 964 aut
634 922 870 976 diluendo,
915 932 992 966 aut
1028 924 1324 974 extenuando,

168 991 245 1024 aut
295 980 650 1037 compensandO,
699 989 772 1022 aut
808 981 1096 1037 deprecando.
1154 980 1325 1023 Intelli-

167 1046 324 1095 genter
355 1047 501 1080 autem
530 1045 578 1078 ut
608 1037 865 1085 audiamur,
905 1047 946 1080 et
973 1046 1164 1088 attente,
1195 1052 1220 1079 a
1247 1053 1326 1080 re·-

166 1098 247 1138 bus
277 1095 387 1152 ipsis
415 1092 679 1137 ordiendum
709 1102 782 1137 est.
841 1095 924 1137 Sed
944 1094 1165 1146 facillime
1193 1094 1324 1138 audi-

167 1161 240 1196 tor
271 1152 421 1202 discit,
452 1158 522 1201 et,
554 1152 656 1207 quid
688 1161 855 1208 agatur,
883 1152 1098 1208 intelligit,
1130 1153 1166 1194 si
1196 1166 1323 1193 com-

166 1210 362 1268 plectare
391 1225 417 1250 a
455 1208 673 1265 principio
710 1223 847 1264 genus
886 1216 1176 1263 naturamque
1212 1223 1321 1250 cau-

169 1282 268 1318 sae,
297 1265 334 1307 si
365 1264 571 1316 definias,
602 1264 638 1305 si
667 1264 854 1311 dividas,
886 1265 923 1306 si
954 1280 1096 1319 neque
1122 1265 1321 1320 pruden-

166 1323 277 1364 tiam
316 1322 409 1362 eius
447 1320 661 1377 impedias
701 1320 956 1362 confusione
984 1322 1202 1378 partium,
1239 1334 1321 1362 nec

164 1379 429 1421 memoriam
447 1377 752 1419 multitudine:
789 1393 987 1433 quaeque
1003 1393 1110 1420 mox
1128 1379 1183 1420 de
1211 1393 1322 1420 nar-

165 1437 338 1478 ratione
379 1433 567 1476 dilucida
606 1434 828 1485 dicentur,
873 1435 1022 1477 eadem
1060 1435 1193 1477 etiam
1231 1434 1318 1477 huc

163 1499 374 1552 pote—runt
420 1500 538 1533 reete
576 1491 752 1533 referri.
794 1496 808 1520 ³
884 1493 944 1534 Ut
977 1500 1137 1535 attente
1171 1499 1317 1534 autem

165 1550 422 1601 audiamur,
460 1547 595 1590 trium
635 1563 787 1590 rerum
816 1549 955 1605 aliqua
986 1563 1316 1604 consequemur.

163 1607 285 1650 Nam
325 1613 402 1647 aut
437 1619 595 1660 magua
636 1607 846 1661 quaedam
888 1620 1208 1663 proponemus,
1245 1614 1319 1646 aut

164 1663 433 1713 necessaria,
480 1670 555 1703 aut
604 1664 833 1704 coniuncta
881 1677 982 1703 cum
1021 1662 1150 1720 ipsis,
1199 1661 1317 1717 apud

165 1736 276 1777 quos
317 1736 385 1762 res
440 1727 605 1777 agetur.
682 1721 744 1762 Sit
783 1726 927 1760 autem
964 1719 1047 1760 hoc
1095 1719 1228 1761 etiam
1267 1718 1317 1760 in

164 1778 437 1834 praeceptis,
475 1781 497 1804 ⁴
546 1784 617 1827 ut,
666 1777 702 1818 si
735 1775 908 1832 quando
950 1783 1123 1833 tempus
1152 1775 1315 1832 ipsum,

163 1842 239 1876 aut
281 1850 376 1885 res,
416 1841 491 1875 aut
519 1833 660 1886 locus,
699 1841 774 1876 aut
810 1834 1082 1876 interventus
1121 1833 1315 1881 alicuius,

157 1961 509 1978 ————

210 2048 243 2091 ι)
267 2049 378 2080 Recte
396 2048 461 2080 hoc
478 2047 610 2090 recepit
627 2048 716 2080 Em.
739 2060 756 2080 e
776 2047 846 2080 cod.
860 2046 937 2080 Erl.
964 2045 1079 2091 Vulgo
1099 2043 1290 2079 contrariis.

209 2114 250 2156 2)
276 2114 490 2154 Ita-correxi
508 2113 605 2158 vulg.
629 2115 810 2147 collocata.

208 2179 247 2222 3)
271 2181 341 2212 Ms.
358 2179 436 2212 ΕΓΖ.
460 2181 623 2213 conferri.

202 2243 243 2287 4)
268 2244 513 2290 Heusingerus
534 2246 624 2282 coni.
648 2246 698 2281 Sit
720 2248 820 2288 etiam
838 2246 904 2281 hoc
923 2247 959 2283 in
976 2246 1177 2292 praeceptis.
