<?xml version="1.0" encoding="UTF-8"?>
<!DOCTYPE html PUBLIC "-//W3C//DTD XHTML 1.0 Transitional//EN"
    "http://www.w3.org/TR/xhtml1/DTD/xhtml1-transitional.dtd">
<html xmlns="http://www.w3.org/1999/xhtml" xml:lang="en" lang="en">
 <head>
  <title>
</title>
<meta http-equiv="Content-Type" content="text/html;charset=utf-8" />
  <meta name='ocr-system' content='tesseract 3.04.00' />
  <meta name='ocr-capabilities' content='ocr_page ocr_carea ocr_par ocr_line ocrx_word'/>
</head>
<body>
  <div class='ocr_page' id='page_1' title='image "./operaquaesupers03ciceuoft/operaquaesupers03ciceuoft_0079.png"; bbox 0 0 1394 2503; ppageno 0'>
   <div class='ocr_carea' id='block_1_1' title="bbox 268 128 1276 174">
    <p class='ocr_par' dir='ltr' id='par_1_1' title="bbox 268 128 1276 174">
     <span class='ocr_line' id='line_1_1' title="bbox 268 128 1276 174; baseline -0.002 -8"><span class='ocrx_word' id='word_1_1' title='bbox 268 134 305 167; x_wconf 80' lang='lat' dir='ltr'>S.</span> <span class='ocrx_word' id='word_1_2' title='bbox 329 132 391 166; x_wconf 84' lang='lat' dir='ltr'>DE</span> <span class='ocrx_word' id='word_1_3' title='bbox 418 130 586 166; x_wconf 70' lang='lat' dir='ltr'><strong>CLARIS</strong></span> <span class='ocrx_word' id='word_1_4' title='bbox 611 128 914 164; x_wconf 84' lang='lat' dir='ltr'>ORATORIBUS</span> <span class='ocrx_word' id='word_1_5' title='bbox 940 129 1040 163; x_wconf 86' lang='lat' dir='ltr'>CAP.</span> <span class='ocrx_word' id='word_1_6' title='bbox 1067 130 1122 164; x_wconf 70' lang='lat'>45.</span> <span class='ocrx_word' id='word_1_7' title='bbox 1237 141 1276 174; x_wconf 80' lang='lat'>7¹</span> 
     </span>
    </p>
   </div>
   <div class='ocr_carea' id='block_1_2' title="bbox 70 208 1276 1961">
    <p class='ocr_par' dir='ltr' id='par_1_2' title="bbox 70 208 1276 1961">
     <span class='ocr_line' id='line_1_2' title="bbox 121 208 1276 267; baseline -0.003 -13"><span class='ocrx_word' id='word_1_8' title='bbox 121 210 392 267; x_wconf 78' lang='lat' dir='ltr'>eloquentiae</span> <span class='ocrx_word' id='word_1_9' title='bbox 423 217 613 259; x_wconf 79' lang='lat' dir='ltr'>tantum,</span> <span class='ocrx_word' id='word_1_10' title='bbox 646 208 760 264; x_wconf 82' lang='lat' dir='ltr'>quod</span> <span class='ocrx_word' id='word_1_11' title='bbox 791 216 915 259; x_wconf 87' lang='lat' dir='ltr'>esset,</span> <span class='ocrx_word' id='word_1_12' title='bbox 943 209 989 250; x_wconf 88' lang='lat' dir='ltr'>in</span> <span class='ocrx_word' id='word_1_13' title='bbox 1019 209 1148 250; x_wconf 83' lang='lat' dir='ltr'>rebus</span> <span class='ocrx_word' id='word_1_14' title='bbox 1178 210 1276 266; x_wconf 86' lang='lat' dir='ltr'>pri-</span> 
     </span>
     <span class='ocr_line' id='line_1_3' title="bbox 120 265 1275 321; baseline -0.003 -12"><span class='ocrx_word' id='word_1_15' title='bbox 120 270 255 315; x_wconf 64' lang='grc' dir='ltr'>νεῑίε,</span> <span class='ocrx_word' id='word_1_16' title='bbox 283 267 432 308; x_wconf 80' lang='lat' dir='ltr'>amicis</span> <span class='ocrx_word' id='word_1_17' title='bbox 453 268 568 316; x_wconf 75' lang='lat' dir='ltr'>eius,</span> <span class='ocrx_word' id='word_1_18' title='bbox 599 267 643 307; x_wconf 81' lang='lat' dir='ltr'>iu</span> <span class='ocrx_word' id='word_1_19' title='bbox 674 265 933 320; x_wconf 66' lang='lat' dir='ltr'>republica,</span> <span class='ocrx_word' id='word_1_20' title='bbox 963 266 1096 320; x_wconf 80' lang='lat' dir='ltr'>ipsius</span> <span class='ocrx_word' id='word_1_21' title='bbox 1128 266 1275 321; x_wconf 82' lang='lat' dir='ltr'>digni-</span> 
     </span>
     <span class='ocr_line' id='line_1_4' title="bbox 121 322 1273 378; baseline -0.002 -11"><span class='ocrx_word' id='word_1_22' title='bbox 121 326 195 367; x_wconf 82' lang='lat' dir='ltr'>tati</span> <span class='ocrx_word' id='word_1_23' title='bbox 235 325 350 365; x_wconf 81' lang='lat' dir='ltr'>satis.</span> <span class='ocrx_word' id='word_1_24' title='bbox 418 325 585 365; x_wconf 76' lang='lat' dir='ltr'>Eodem</span> <span class='ocrx_word' id='word_1_25' title='bbox 618 331 814 378; x_wconf 78' lang='lat' dir='ltr'>tempore</span> <span class='ocrx_word' id='word_1_26' title='bbox 844 324 909 365; x_wconf 88' lang='lat' dir='ltr'>M.</span> <span class='ocrx_word' id='word_1_27' title='bbox 940 322 1194 364; x_wconf 81' lang='lat' dir='ltr'>Herennius</span> <span class='ocrx_word' id='word_1_28' title='bbox 1224 323 1273 365; x_wconf 81' lang='lat' dir='ltr'>in</span> 
     </span>
     <span class='ocr_line' id='line_1_5' title="bbox 117 379 1270 435; baseline -0.001 -13"><span class='ocrx_word' id='word_1_29' title='bbox 117 381 410 422; x_wconf 69' lang='lat' dir='ltr'>mediocribus</span> <span class='ocrx_word' id='word_1_30' title='bbox 451 380 714 430; x_wconf 84' lang='lat' dir='ltr'>oratoribus,</span> <span class='ocrx_word' id='word_1_31' title='bbox 758 380 918 421; x_wconf 86' lang='lat' dir='ltr'>Latine</span> <span class='ocrx_word' id='word_1_32' title='bbox 955 385 997 420; x_wconf 80' lang='lat' dir='ltr'>et</span> <span class='ocrx_word' id='word_1_33' title='bbox 1036 379 1270 435; x_wconf 66' lang='lat' dir='ltr'>diiigenter</span> 
     </span>
     <span class='ocr_line' id='line_1_6' title="bbox 116 435 1271 493; baseline -0.001 -15"><span class='ocrx_word' id='word_1_34' title='bbox 116 438 413 493; x_wconf 85' lang='lat' dir='ltr'>loquentibus,</span> <span class='ocrx_word' id='word_1_35' title='bbox 446 444 700 478; x_wconf 75' lang='lat' dir='ltr'>numeratus</span> <span class='ocrx_word' id='word_1_36' title='bbox 730 444 815 485; x_wconf 64' lang='grc' dir='ltr'>θείς</span> <span class='ocrx_word' id='word_1_37' title='bbox 864 435 939 491; x_wconf 90' lang='lat' dir='ltr'>qui</span> <span class='ocrx_word' id='word_1_38' title='bbox 968 442 1115 477; x_wconf 85' lang='lat' dir='ltr'>tamen</span> <span class='ocrx_word' id='word_1_39' title='bbox 1145 450 1271 477; x_wconf 80' lang='lat' dir='ltr'>sum.-</span> 
     </span>
     <span class='ocr_line' id='line_1_7' title="bbox 115 492 1270 546; baseline -0.002 -12"><span class='ocrx_word' id='word_1_40' title='bbox 115 508 190 537; x_wconf 87' lang='lat' dir='ltr'>ma</span> <span class='ocrx_word' id='word_1_41' title='bbox 231 494 452 534; x_wconf 70' lang='lat' dir='ltr'>nobilitate</span> <span class='ocrx_word' id='word_1_42' title='bbox 492 492 744 544; x_wconf 82' lang='lat' dir='ltr'>hominem,</span> <span class='ocrx_word' id='word_1_43' title='bbox 785 492 1058 546; x_wconf 78' lang='lat' dir='ltr'>cognatione,</span> <span class='ocrx_word' id='word_1_44' title='bbox 1107 492 1270 534; x_wconf 79' lang='lat' dir='ltr'>sodali·</span> 
     </span>
     <span class='ocr_line' id='line_1_8' title="bbox 115 548 1268 605; baseline -0.001 -14"><span class='ocrx_word' id='word_1_45' title='bbox 115 558 222 595; x_wconf 77' lang='lat' dir='ltr'>tate,</span> <span class='ocrx_word' id='word_1_46' title='bbox 260 549 462 605; x_wconf 76' lang='lat' dir='ltr'>colle-gie,</span> <span class='ocrx_word' id='word_1_47' title='bbox 509 564 681 591; x_wconf 86' lang='lat' dir='ltr'>summa</span> <span class='ocrx_word' id='word_1_48' title='bbox 724 548 852 590; x_wconf 85' lang='lat' dir='ltr'>etiam</span> <span class='ocrx_word' id='word_1_49' title='bbox 891 549 1165 603; x_wconf 80' lang='lat' dir='ltr'>eloquentia,</span> <span class='ocrx_word' id='word_1_50' title='bbox 1211 548 1268 593; x_wconf 88' lang='lat' dir='ltr'>L.</span> 
     </span>
     <span class='ocr_line' id='line_1_9' title="bbox 115 605 1266 663; baseline -0.003 -13"><span class='ocrx_word' id='word_1_51' title='bbox 115 607 400 663; x_wconf 84' lang='lat' dir='ltr'>Philippum,</span> <span class='ocrx_word' id='word_1_52' title='bbox 442 607 484 648; x_wconf 84' lang='lat' dir='ltr'>in</span> <span class='ocrx_word' id='word_1_53' title='bbox 521 607 768 647; x_wconf 88' lang='lat' dir='ltr'>consulatus</span> <span class='ocrx_word' id='word_1_54' title='bbox 790 605 1000 662; x_wconf 84' lang='lat' dir='ltr'>petitione</span> <span class='ocrx_word' id='word_1_55' title='bbox 1030 605 1266 661; x_wconf 72' lang='lat' dir='ltr'>superavit,</span> 
     </span>
     <span class='ocr_line' id='line_1_10' title="bbox 113 662 1267 718; baseline -0.003 -12"><span class='ocrx_word' id='word_1_56' title='bbox 113 663 284 706; x_wconf 86' lang='lat' dir='ltr'>Eodem</span> <span class='ocrx_word' id='word_1_57' title='bbox 314 671 510 718; x_wconf 83' lang='lat' dir='ltr'>tempore</span> <span class='ocrx_word' id='word_1_58' title='bbox 535 662 580 704; x_wconf 84' lang='lat' dir='ltr'>C.</span> <span class='ocrx_word' id='word_1_59' title='bbox 608 662 809 712; x_wconf 74' lang='lat' dir='ltr'>Clodius,</span> <span class='ocrx_word' id='word_1_60' title='bbox 840 662 918 704; x_wconf 90' lang='lat' dir='ltr'>etsi</span> <span class='ocrx_word' id='word_1_61' title='bbox 938 670 1119 717; x_wconf 85' lang='lat' dir='ltr'>propter</span> <span class='ocrx_word' id='word_1_62' title='bbox 1139 676 1267 703; x_wconf 85' lang='lat' dir='ltr'>sum-</span> 
     </span>
     <span class='ocr_line' id='line_1_11' title="bbox 115 718 1267 775; baseline 0.001 -15"><span class='ocrx_word' id='word_1_63' title='bbox 115 734 232 761; x_wconf 86' lang='lat' dir='ltr'>mam</span> <span class='ocrx_word' id='word_1_64' title='bbox 293 719 562 760; x_wconf 82' lang='lat' dir='ltr'>nobilitatem</span> <span class='ocrx_word' id='word_1_65' title='bbox 622 726 664 760; x_wconf 88' lang='lat' dir='ltr'>et</span> <span class='ocrx_word' id='word_1_66' title='bbox 707 718 974 775; x_wconf 70' lang='lat' dir='ltr'>singularem</span> <span class='ocrx_word' id='word_1_67' title='bbox 1022 719 1267 774; x_wconf 78' lang='lat' dir='ltr'>potentiam</span> 
     </span>
     <span class='ocr_line' id='line_1_12' title="bbox 113 775 1266 832; baseline -0.001 -14"><span class='ocrx_word' id='word_1_68' title='bbox 113 790 296 832; x_wconf 88' lang='lat' dir='ltr'>magnus</span> <span class='ocrx_word' id='word_1_69' title='bbox 327 784 442 823; x_wconf 86' lang='lat' dir='ltr'>erat,</span> <span class='ocrx_word' id='word_1_70' title='bbox 482 783 628 817; x_wconf 90' lang='lat' dir='ltr'>tamen</span> <span class='ocrx_word' id='word_1_71' title='bbox 657 775 790 817; x_wconf 89' lang='lat' dir='ltr'>etiam</span> <span class='ocrx_word' id='word_1_72' title='bbox 820 775 1089 830; x_wconf 84' lang='lat' dir='ltr'>eloquentiae</span> <span class='ocrx_word' id='word_1_73' title='bbox 1119 790 1266 831; x_wconf 86' lang='lat' dir='ltr'>quan-</span> 
     </span>
     <span class='ocr_line' id='line_1_13' title="bbox 113 830 1272 874; baseline 0.002 -2"><span class='ocrx_word' id='word_1_74' title='bbox 113 832 215 873; x_wconf 86' lang='lat' dir='ltr'>dam</span> <span class='ocrx_word' id='word_1_75' title='bbox 253 831 597 874; x_wconf 84' lang='lat' dir='ltr'>mediocritatem</span> <span class='ocrx_word' id='word_1_76' title='bbox 637 831 857 874; x_wconf 77' lang='lat' dir='ltr'>afferebat.</span> <span class='ocrx_word' id='word_1_77' title='bbox 930 831 1140 872; x_wconf 86' lang='lat' dir='ltr'>Eiusdem</span> <span class='ocrx_word' id='word_1_78' title='bbox 1170 830 1272 874; x_wconf 87' lang='lat' dir='ltr'>fere-</span> 
     </span>
     <span class='ocr_line' id='line_1_14' title="bbox 110 887 1261 945; baseline -0.002 -15"><span class='ocrx_word' id='word_1_79' title='bbox 110 890 322 944; x_wconf 76' lang='lat' dir='ltr'>temporis</span> <span class='ocrx_word' id='word_1_80' title='bbox 354 887 436 930; x_wconf 87' lang='lat' dir='ltr'>fuit</span> <span class='ocrx_word' id='word_1_81' title='bbox 465 905 594 945; x_wconf 84' lang='lat' dir='ltr'>eques</span> <span class='ocrx_word' id='word_1_82' title='bbox 624 890 848 932; x_wconf 88' lang='lat' dir='ltr'>Romanus</span> <span class='ocrx_word' id='word_1_83' title='bbox 884 888 1132 936; x_wconf 69' lang='lat' dir='ltr'>C.,T1·tius,</span> <span class='ocrx_word' id='word_1_84' title='bbox 1172 888 1261 943; x_wconf 86' lang='lat' dir='ltr'>qui,</span> 
     </span>
     <span class='ocr_line' id='line_1_15' title="bbox 70 945 1262 1002; baseline -0.001 -15"><span class='ocrx_word' id='word_1_85' title='bbox 70 950 78 954; x_wconf 81' lang='grc'><strong><em>’</em></strong></span> <span class='ocrx_word' id='word_1_86' title='bbox 110 960 212 987; x_wconf 89' lang='lat' dir='ltr'>meo</span> <span class='ocrx_word' id='word_1_87' title='bbox 242 945 420 997; x_wconf 87' lang='lat' dir='ltr'>iudicio,</span> <span class='ocrx_word' id='word_1_88' title='bbox 458 961 511 987; x_wconf 91' lang='lat' dir='ltr'>eo</span> <span class='ocrx_word' id='word_1_89' title='bbox 539 945 794 1001; x_wconf 88' lang='lat' dir='ltr'>pervenisse</span> <span class='ocrx_word' id='word_1_90' title='bbox 821 945 1017 995; x_wconf 84' lang='lat' dir='ltr'>videtur,</span> <span class='ocrx_word' id='word_1_91' title='bbox 1061 960 1148 1000; x_wconf 90' lang='lat' dir='ltr'>quo</span> <span class='ocrx_word' id='word_1_92' title='bbox 1176 960 1262 1002; x_wconf 88' lang='lat' dir='ltr'>po-</span> 
     </span>
     <span class='ocr_line' id='line_1_16' title="bbox 110 1001 1263 1052; baseline -0.001 -9"><span class='ocrx_word' id='word_1_93' title='bbox 110 1002 193 1043; x_wconf 82' lang='lat' dir='ltr'>tuit</span> <span class='ocrx_word' id='word_1_94' title='bbox 232 1001 325 1042; x_wconf 85' lang='lat' dir='ltr'>fere</span> <span class='ocrx_word' id='word_1_95' title='bbox 360 1001 545 1042; x_wconf 82' lang='lat' dir='ltr'>Latinus</span> <span class='ocrx_word' id='word_1_96' title='bbox 584 1009 733 1043; x_wconf 83' lang='lat' dir='ltr'>orator</span> <span class='ocrx_word' id='word_1_97' title='bbox 772 1001 865 1042; x_wconf 86' lang='lat' dir='ltr'>sine</span> <span class='ocrx_word' id='word_1_98' title='bbox 899 1001 1080 1043; x_wconf 83' lang='lat' dir='ltr'>Graecis</span> <span class='ocrx_word' id='word_1_99' title='bbox 1109 1001 1263 1052; x_wconf 78' lang='lat' dir='ltr'>literis,</span> 
     </span>
     <span class='ocr_line' id='line_1_17' title="bbox 110 1058 1258 1115; baseline 0.003 -17"><span class='ocrx_word' id='word_1_100' title='bbox 110 1065 154 1099; x_wconf 91' lang='lat' dir='ltr'>et</span> <span class='ocrx_word' id='word_1_101' title='bbox 180 1058 274 1098; x_wconf 85' lang='lat' dir='ltr'>siue</span> <span class='ocrx_word' id='word_1_102' title='bbox 303 1058 443 1099; x_wconf 88' lang='lat' dir='ltr'>multo</span> <span class='ocrx_word' id='word_1_103' title='bbox 472 1074 554 1099; x_wconf 89' lang='lat' dir='ltr'>usu</span> <span class='ocrx_word' id='word_1_104' title='bbox 582 1058 830 1115; x_wconf 80' lang='lat' dir='ltr'>pervenire.</span> <span class='ocrx_word' id='word_1_105' title='bbox 862 1058 1008 1099; x_wconf 88' lang='lat' dir='ltr'>Huius</span> <span class='ocrx_word' id='word_1_106' title='bbox 1038 1058 1258 1101; x_wconf 80' lang='lat' dir='ltr'>orationes</span> 
     </span>
     <span class='ocr_line' id='line_1_18' title="bbox 109 1114 1261 1170; baseline -0.001 -14"><span class='ocrx_word' id='word_1_107' title='bbox 109 1122 279 1156; x_wconf 86' lang='lat' dir='ltr'>tantum</span> <span class='ocrx_word' id='word_1_108' title='bbox 291 1114 584 1168; x_wconf 82' lang='lat' dir='ltr'>argutiarum,</span> <span class='ocrx_word' id='word_1_109' title='bbox 614 1122 780 1156; x_wconf 88' lang='lat' dir='ltr'>tantum</span> <span class='ocrx_word' id='word_1_110' title='bbox 794 1115 1098 1170; x_wconf 77' lang='lat' dir='ltr'>exemplorum</span> <span class='ocrx_word' id='word_1_111' title='bbox 1118 1146 1129 1166; x_wconf 93' lang='lat'>‚</span> <span class='ocrx_word' id='word_1_112' title='bbox 1159 1122 1261 1155; x_wconf 88' lang='lat' dir='ltr'>tan·-</span> 
     </span>
     <span class='ocr_line' id='line_1_19' title="bbox 105 1171 1263 1227; baseline 0.002 -16"><span class='ocrx_word' id='word_1_113' title='bbox 105 1179 203 1211; x_wconf 79' lang='lat' dir='ltr'>tum</span> <span class='ocrx_word' id='word_1_114' title='bbox 230 1171 487 1212; x_wconf 84' lang='lat' dir='ltr'>urbanitatis</span> <span class='ocrx_word' id='word_1_115' title='bbox 517 1171 699 1223; x_wconf 86' lang='lat' dir='ltr'>habent,</span> <span class='ocrx_word' id='word_1_116' title='bbox 740 1179 788 1212; x_wconf 91' lang='lat' dir='ltr'>ut</span> <span class='ocrx_word' id='word_1_117' title='bbox 816 1186 956 1227; x_wconf 84' lang='lat' dir='ltr'>paene</span> <span class='ocrx_word' id='word_1_118' title='bbox 981 1171 1128 1213; x_wconf 87' lang='lat' dir='ltr'>Attico</span> <span class='ocrx_word' id='word_1_119' title='bbox 1156 1171 1263 1213; x_wconf 76' lang='lat' dir='ltr'>stilo</span> 
     </span>
     <span class='ocr_line' id='line_1_20' title="bbox 105 1226 1259 1283; baseline 0.002 -15"><span class='ocrx_word' id='word_1_120' title='bbox 105 1228 287 1282; x_wconf 84' lang='lat' dir='ltr'>scriptae</span> <span class='ocrx_word' id='word_1_121' title='bbox 325 1243 416 1268; x_wconf 89' lang='lat' dir='ltr'>esse</span> <span class='ocrx_word' id='word_1_122' title='bbox 454 1228 696 1270; x_wconf 83' lang='lat' dir='ltr'>videantur.</span> <span class='ocrx_word' id='word_1_123' title='bbox 765 1227 954 1269; x_wconf 83' lang='lat' dir='ltr'>Easdem</span> <span class='ocrx_word' id='word_1_124' title='bbox 991 1228 1180 1283; x_wconf 80' lang='lat' dir='ltr'>argutias</span> <span class='ocrx_word' id='word_1_125' title='bbox 1208 1226 1259 1271; x_wconf 81' lang='lat' dir='ltr'>in</span> 
     </span>
     <span class='ocr_line' id='line_1_21' title="bbox 104 1283 1258 1341; baseline 0 -16"><span class='ocrx_word' id='word_1_126' title='bbox 104 1283 373 1338; x_wconf 79' lang='lat' dir='ltr'>tragoedias,</span> <span class='ocrx_word' id='word_1_127' title='bbox 405 1285 504 1325; x_wconf 84' lang='lat' dir='ltr'>satis</span> <span class='ocrx_word' id='word_1_128' title='bbox 533 1285 604 1325; x_wconf 89' lang='lat' dir='ltr'>ille</span> <span class='ocrx_word' id='word_1_129' title='bbox 634 1284 812 1340; x_wconf 87' lang='lat' dir='ltr'>quidem</span> <span class='ocrx_word' id='word_1_130' title='bbox 840 1292 988 1334; x_wconf 80' lang='lat' dir='ltr'>acute,</span> <span class='ocrx_word' id='word_1_131' title='bbox 1022 1288 1037 1307; x_wconf 80' lang='lat'>¹</span> <span class='ocrx_word' id='word_1_132' title='bbox 1069 1283 1144 1325; x_wconf 84' lang='lat' dir='ltr'>sed</span> <span class='ocrx_word' id='word_1_133' title='bbox 1172 1299 1258 1341; x_wconf 87' lang='lat' dir='ltr'>pa·-</span> 
     </span>
     <span class='ocr_line' id='line_1_22' title="bbox 105 1340 1256 1396; baseline 0 -14"><span class='ocrx_word' id='word_1_134' title='bbox 105 1355 209 1382; x_wconf 82' lang='lat' dir='ltr'>rum</span> <span class='ocrx_word' id='word_1_135' title='bbox 244 1340 402 1395; x_wconf 85' lang='lat' dir='ltr'>tragice</span> <span class='ocrx_word' id='word_1_136' title='bbox 438 1341 671 1383; x_wconf 84' lang='lat' dir='ltr'>transtulit.</span> <span class='ocrx_word' id='word_1_137' title='bbox 729 1341 878 1396; x_wconf 81' lang='lat' dir='ltr'>Quem</span> <span class='ocrx_word' id='word_1_138' title='bbox 915 1340 1112 1382; x_wconf 84' lang='lat' dir='ltr'>studebat</span> <span class='ocrx_word' id='word_1_139' title='bbox 1147 1341 1256 1382; x_wconf 76' lang='lat' dir='ltr'>imi-</span> 
     </span>
     <span class='ocr_line' id='line_1_23' title="bbox 104 1395 1257 1455; baseline 0 -17"><span class='ocrx_word' id='word_1_140' title='bbox 104 1397 193 1438; x_wconf 83' lang='lat' dir='ltr'>tari</span> <span class='ocrx_word' id='word_1_141' title='bbox 220 1395 274 1437; x_wconf 89' lang='lat' dir='ltr'>L.</span> <span class='ocrx_word' id='word_1_142' title='bbox 306 1396 518 1439; x_wconf 86' lang='lat' dir='ltr'>Afranius</span> <span class='ocrx_word' id='word_1_143' title='bbox 546 1406 699 1455; x_wconf 80' lang='lat' dir='ltr'>poeta,</span> <span class='ocrx_word' id='word_1_144' title='bbox 736 1397 868 1438; x_wconf 92' lang='lat' dir='ltr'>homo</span> <span class='ocrx_word' id='word_1_145' title='bbox 896 1405 1173 1452; x_wconf 84' lang='lat' dir='ltr'>perargutus,</span> <span class='ocrx_word' id='word_1_146' title='bbox 1206 1397 1257 1438; x_wconf 87' lang='lat' dir='ltr'>in</span> 
     </span>
     <span class='ocr_line' id='line_1_24' title="bbox 104 1452 1255 1508; baseline 0.002 -15"><span class='ocrx_word' id='word_1_147' title='bbox 104 1452 262 1494; x_wconf 84' lang='lat' dir='ltr'>fabulis</span> <span class='ocrx_word' id='word_1_148' title='bbox 289 1453 466 1508; x_wconf 89' lang='lat' dir='ltr'>quidem</span> <span class='ocrx_word' id='word_1_149' title='bbox 496 1456 652 1505; x_wconf 81' lang='lat' dir='ltr'>etiam,</span> <span class='ocrx_word' id='word_1_150' title='bbox 681 1461 730 1496; x_wconf 89' lang='lat' dir='ltr'>ut</span> <span class='ocrx_word' id='word_1_151' title='bbox 751 1453 891 1504; x_wconf 89' lang='lat' dir='ltr'>scitis,</span> <span class='ocrx_word' id='word_1_152' title='bbox 923 1453 1118 1494; x_wconf 81' lang='lat' dir='ltr'>disertus.</span> <span class='ocrx_word' id='word_1_153' title='bbox 1149 1455 1255 1495; x_wconf 78' lang='lat' dir='ltr'>Fuit</span> 
     </span>
     <span class='ocr_line' id='line_1_25' title="bbox 106 1509 1252 1566; baseline 0 -16"><span class='ocrx_word' id='word_1_154' title='bbox 106 1509 238 1550; x_wconf 87' lang='lat' dir='ltr'>etiam</span> <span class='ocrx_word' id='word_1_155' title='bbox 267 1509 320 1565; x_wconf 87' lang='lat' dir='ltr'>Q.</span> <span class='ocrx_word' id='word_1_156' title='bbox 343 1509 536 1553; x_wconf 86' lang='lat' dir='ltr'>Rubrius</span> <span class='ocrx_word' id='word_1_157' title='bbox 569 1512 741 1561; x_wconf 82' lang='lat' dir='ltr'>Varro,</span> <span class='ocrx_word' id='word_1_158' title='bbox 780 1510 854 1566; x_wconf 88' lang='lat' dir='ltr'>qui</span> <span class='ocrx_word' id='word_1_159' title='bbox 882 1526 907 1551; x_wconf 85' lang='lat' dir='ltr'>a</span> <span class='ocrx_word' id='word_1_160' title='bbox 932 1518 1087 1551; x_wconf 79' lang='lat' dir='ltr'>senatu</span> <span class='ocrx_word' id='word_1_161' title='bbox 1114 1510 1252 1554; x_wconf 72' lang='lat' dir='ltr'>hostis</span> 
     </span>
     <span class='ocr_line' id='line_1_26' title="bbox 106 1566 1252 1618; baseline -0.001 -10"><span class='ocrx_word' id='word_1_162' title='bbox 106 1581 207 1608; x_wconf 86' lang='lat' dir='ltr'>cum</span> <span class='ocrx_word' id='word_1_163' title='bbox 235 1566 283 1608; x_wconf 82' lang='lat' dir='ltr'>C.</span> <span class='ocrx_word' id='word_1_164' title='bbox 317 1566 461 1608; x_wconf 87' lang='lat' dir='ltr'>Mario</span> <span class='ocrx_word' id='word_1_165' title='bbox 503 1567 718 1610; x_wconf 79' lang='lat' dir='ltr'>iudicatus</span> <span class='ocrx_word' id='word_1_166' title='bbox 759 1574 854 1618; x_wconf 80' lang='lat' dir='ltr'>est,</span> <span class='ocrx_word' id='word_1_167' title='bbox 901 1581 998 1607; x_wconf 87' lang='lat' dir='ltr'>acer</span> <span class='ocrx_word' id='word_1_168' title='bbox 1035 1574 1076 1608; x_wconf 87' lang='lat' dir='ltr'>et</span> <span class='ocrx_word' id='word_1_169' title='bbox 1113 1566 1252 1608; x_wconf 81' lang='lat' dir='ltr'>vehe-</span> 
     </span>
     <span class='ocr_line' id='line_1_27' title="bbox 103 1622 1251 1678; baseline 0.001 -15"><span class='ocrx_word' id='word_1_170' title='bbox 103 1637 230 1664; x_wconf 88' lang='lat' dir='ltr'>mens</span> <span class='ocrx_word' id='word_1_171' title='bbox 259 1630 494 1665; x_wconf 77' lang='lat' dir='ltr'>accusator.</span> <span class='ocrx_word' id='word_1_172' title='bbox 548 1625 599 1665; x_wconf 88' lang='lat' dir='ltr'>In</span> <span class='ocrx_word' id='word_1_173' title='bbox 639 1639 690 1664; x_wconf 91' lang='lat' dir='ltr'>eo</span> <span class='ocrx_word' id='word_1_174' title='bbox 727 1638 885 1678; x_wconf 82' lang='lat' dir='ltr'>genere</span> <span class='ocrx_word' id='word_1_175' title='bbox 915 1637 1016 1662; x_wconf 85' lang='lat' dir='ltr'>sane</span> <span class='ocrx_word' id='word_1_176' title='bbox 1044 1622 1251 1678; x_wconf 78' lang='lat' dir='ltr'>probabi-</span> 
     </span>
     <span class='ocr_line' id='line_1_28' title="bbox 105 1678 1251 1735; baseline 0 -16"><span class='ocrx_word' id='word_1_177' title='bbox 105 1678 181 1728; x_wconf 79' lang='lat' dir='ltr'>lis,</span> <span class='ocrx_word' id='word_1_178' title='bbox 220 1679 369 1721; x_wconf 69' lang='lat' dir='ltr'>doctus</span> <span class='ocrx_word' id='word_1_179' title='bbox 398 1689 542 1722; x_wconf 84' lang='lat' dir='ltr'>autem</span> <span class='ocrx_word' id='word_1_180' title='bbox 579 1680 757 1722; x_wconf 82' lang='lat' dir='ltr'>Graecis</span> <span class='ocrx_word' id='word_1_181' title='bbox 785 1679 943 1720; x_wconf 77' lang='lat' dir='ltr'>literis,</span> <span class='ocrx_word' id='word_1_182' title='bbox 979 1679 1251 1735; x_wconf 82' lang='lat' dir='ltr'>propinquus</span> 
     </span>
     <span class='ocr_line' id='line_1_29' title="bbox 104 1734 1250 1785; baseline 0 -9"><span class='ocrx_word' id='word_1_183' title='bbox 104 1741 254 1776; x_wconf 84' lang='lat' dir='ltr'>noster</span> <span class='ocrx_word' id='word_1_184' title='bbox 269 1765 282 1783; x_wconf 93' lang='lat'>,</span> <span class='ocrx_word' id='word_1_185' title='bbox 312 1735 448 1778; x_wconf 87' lang='lat' dir='ltr'>factus</span> <span class='ocrx_word' id='word_1_186' title='bbox 469 1737 520 1776; x_wconf 82' lang='lat' dir='ltr'>ad</span> <span class='ocrx_word' id='word_1_187' title='bbox 541 1736 798 1785; x_wconf 79' lang='lat' dir='ltr'>(licendum,</span> <span class='ocrx_word' id='word_1_188' title='bbox 825 1735 890 1778; x_wconf 87' lang='lat' dir='ltr'>M.</span> <span class='ocrx_word' id='word_1_189' title='bbox 909 1734 1153 1785; x_wconf 74' lang='lat' dir='ltr'>Gratidius,</span> <span class='ocrx_word' id='word_1_190' title='bbox 1185 1736 1250 1778; x_wconf 87' lang='lat' dir='ltr'>M.</span> 
     </span>
     <span class='ocr_line' id='line_1_30' title="bbox 102 1790 1250 1847; baseline -0.002 -13"><span class='ocrx_word' id='word_1_191' title='bbox 102 1790 287 1834; x_wconf 80' lang='lat' dir='ltr'>Antonii</span> <span class='ocrx_word' id='word_1_192' title='bbox 314 1791 643 1846; x_wconf 80' lang='lat' dir='ltr'>perfamiliaris,</span> <span class='ocrx_word' id='word_1_193' title='bbox 688 1793 810 1834; x_wconf 90' lang='lat' dir='ltr'>cuius</span> <span class='ocrx_word' id='word_1_194' title='bbox 839 1790 1082 1847; x_wconf 82' lang='lat' dir='ltr'>praefectus</span> <span class='ocrx_word' id='word_1_195' title='bbox 1112 1807 1250 1846; x_wconf 88' lang='lat' dir='ltr'>quum</span> 
     </span>
     <span class='ocr_line' id='line_1_31' title="bbox 103 1847 1252 1902; baseline 0.001 -15"><span class='ocrx_word' id='word_1_196' title='bbox 103 1855 215 1888; x_wconf 84' lang='lat' dir='ltr'>esset</span> <span class='ocrx_word' id='word_1_197' title='bbox 247 1847 293 1887; x_wconf 86' lang='lat' dir='ltr'>in</span> <span class='ocrx_word' id='word_1_198' title='bbox 325 1848 498 1900; x_wconf 75' lang='lat' dir='ltr'>Cilicia,</span> <span class='ocrx_word' id='word_1_199' title='bbox 529 1859 591 1892; x_wconf 86' lang='lat' dir='ltr'>est</span> <span class='ocrx_word' id='word_1_200' title='bbox 621 1848 894 1894; x_wconf 50' lang='lat' dir='ltr'>interfectum</span> <span class='ocrx_word' id='word_1_201' title='bbox 932 1847 1006 1902; x_wconf 80' lang='lat' dir='ltr'>qui</span> <span class='ocrx_word' id='word_1_202' title='bbox 1035 1848 1252 1889; x_wconf 78' lang='lat' dir='ltr'>accusavit</span> 
     </span>
     <span class='ocr_line' id='line_1_32' title="bbox 103 1903 1225 1961; baseline 0.002 -15"><span class='ocrx_word' id='word_1_203' title='bbox 103 1903 153 1946; x_wconf 84' lang='lat' dir='ltr'>C.</span> <span class='ocrx_word' id='word_1_204' title='bbox 175 1904 443 1958; x_wconf 84' lang='lat' dir='ltr'>Fimbriam,</span> <span class='ocrx_word' id='word_1_205' title='bbox 468 1906 536 1949; x_wconf 86' lang='lat' dir='ltr'>M.</span> <span class='ocrx_word' id='word_1_206' title='bbox 557 1907 690 1949; x_wconf 82' lang='lat' dir='ltr'>Marii</span> <span class='ocrx_word' id='word_1_207' title='bbox 708 1905 957 1948; x_wconf 80' lang='lat' dir='ltr'>Gratidiani</span> <span class='ocrx_word' id='word_1_208' title='bbox 984 1914 1172 1961; x_wconf 84' lang='lat' dir='ltr'>patrem.</span> <span class='ocrx_word' id='word_1_209' title='bbox 1201 1907 1225 1928; x_wconf 81' lang='lat'>²</span> 
     </span>
    </p>
   </div>
   <div class='ocr_carea' id='block_1_3' title="bbox 102 1979 441 1997">
    <p class='ocr_par' dir='ltr' id='par_1_3' title="bbox 102 1979 441 1997">
     <span class='ocr_line' id='line_1_33' title="bbox 102 1979 441 1997; baseline 0 506"><span class='ocrx_word' id='word_1_210' title='bbox 102 1979 441 1997; x_wconf 95' lang='lat' dir='ltr'> </span> 
     </span>
    </p>
   </div>
   <div class='ocr_carea' id='block_1_4' title="bbox 99 2014 1255 2244">
    <p class='ocr_par' dir='ltr' id='par_1_4' title="bbox 99 2014 1255 2244">
     <span class='ocr_line' id='line_1_34' title="bbox 126 2014 1251 2062; baseline 0.001 -15"><span class='ocrx_word' id='word_1_211' title='bbox 126 2055 133 2059; x_wconf 68' lang='lat'>,</span> <span class='ocrx_word' id='word_1_212' title='bbox 150 2017 182 2055; x_wconf 83' lang='grc' dir='ltr'>ι)</span> <span class='ocrx_word' id='word_1_213' title='bbox 208 2017 266 2047; x_wconf 85' lang='lat' dir='ltr'>Sic</span> <span class='ocrx_word' id='word_1_214' title='bbox 288 2014 409 2057; x_wconf 71' lang='lat' dir='ltr'>Guelf&#39;.</span> <span class='ocrx_word' id='word_1_215' title='bbox 427 2026 459 2052; x_wconf 66' lang='lat' dir='ltr'>1.v</span> <span class='ocrx_word' id='word_1_216' title='bbox 474 2027 505 2049; x_wconf 77' lang='lat'>2.</span> <span class='ocrx_word' id='word_1_217' title='bbox 527 2020 628 2047; x_wconf 81' lang='lat' dir='ltr'>recte.</span> <span class='ocrx_word' id='word_1_218' title='bbox 678 2016 791 2062; x_wconf 75' lang='lat' dir='ltr'>Vulgo</span> <span class='ocrx_word' id='word_1_219' title='bbox 810 2018 890 2050; x_wconf 76' lang='lat' dir='ltr'>satis</span> <span class='ocrx_word' id='word_1_220' title='bbox 908 2016 1040 2059; x_wconf 78' lang='lat' dir='ltr'>quidem</span> <span class='ocrx_word' id='word_1_221' title='bbox 1059 2015 1119 2047; x_wconf 81' lang='lat' dir='ltr'>ille</span> <span class='ocrx_word' id='word_1_222' title='bbox 1135 2020 1251 2051; x_wconf 71' lang='lat' dir='ltr'>acute.</span> 
     </span>
     <span class='ocr_line' id='line_1_35' title="bbox 147 2059 1255 2104; baseline 0 -12"><span class='ocrx_word' id='word_1_223' title='bbox 147 2060 193 2101; x_wconf 59' lang='lat'>2),</span> <span class='ocrx_word' id='word_1_224' title='bbox 214 2062 271 2094; x_wconf 79' lang='lat' dir='ltr'>Sic</span> <span class='ocrx_word' id='word_1_225' title='bbox 291 2060 407 2104; x_wconf 80' lang='lat' dir='ltr'>Guelf&#39;.</span> <span class='ocrx_word' id='word_1_226' title='bbox 431 2073 455 2092; x_wconf 91' lang='lat'>1.</span> <span class='ocrx_word' id='word_1_227' title='bbox 480 2061 564 2092; x_wconf 71' lang='lat' dir='ltr'>2.i1‘.</span> <span class='ocrx_word' id='word_1_228' title='bbox 586 2060 678 2093; x_wconf 66' lang='lat' dir='ltr'>Edd.</span> <span class='ocrx_word' id='word_1_229' title='bbox 700 2063 894 2096; x_wconf 57' lang='lat' dir='ltr'>Vemllled.</span> <span class='ocrx_word' id='word_1_230' title='bbox 909 2061 1103 2094; x_wconf 62' lang='lat' dir='ltr'>AldJum‘.</span> <span class='ocrx_word' id='word_1_231' title='bbox 1134 2059 1255 2103; x_wconf 78' lang='lat' dir='ltr'>Vulgo.</span> 
     </span>
     <span class='ocr_line' id='line_1_36' title="bbox 103 2106 1249 2151; baseline -0.001 -13"><span class='ocrx_word' id='word_1_232' title='bbox 103 2106 151 2138; x_wconf 77' lang='grc' dir='ltr'>Μ.</span> <span class='ocrx_word' id='word_1_233' title='bbox 173 2106 275 2138; x_wconf 78' lang='lat' dir='ltr'>Marii</span> <span class='ocrx_word' id='word_1_234' title='bbox 292 2107 484 2138; x_wconf 71' lang='lat' dir='ltr'>Gratidiani</span> <span class='ocrx_word' id='word_1_235' title='bbox 506 2113 612 2148; x_wconf 72' lang='lat' dir='ltr'>pater.</span> <span class='ocrx_word' id='word_1_236' title='bbox 629 2108 871 2151; x_wconf 66' lang='lat' dir='ltr'>Heus-ingeras</span> <span class='ocrx_word' id='word_1_237' title='bbox 893 2106 1160 2149; x_wconf 62' lang='lat' dir='ltr'>transponendo</span> <span class='ocrx_word' id='word_1_238' title='bbox 1174 2116 1249 2147; x_wconf 71' lang='lat' dir='ltr'>pu-</span> 
     </span>
     <span class='ocr_line' id='line_1_37' title="bbox 99 2149 1248 2192; baseline 0.002 -11"><span class='ocrx_word' id='word_1_239' title='bbox 99 2149 204 2182; x_wconf 74' lang='lat' dir='ltr'>tabat</span> <span class='ocrx_word' id='word_1_240' title='bbox 219 2150 347 2184; x_wconf 68' lang='lat' dir='ltr'>uerba.-</span> <span class='ocrx_word' id='word_1_241' title='bbox 370 2152 418 2185; x_wconf 77' lang='lat' dir='ltr'>M.</span> <span class='ocrx_word' id='word_1_242' title='bbox 439 2151 613 2184; x_wconf 79' lang='lat' dir='ltr'>Gratidius</span> <span class='ocrx_word' id='word_1_243' title='bbox 626 2177 635 2192; x_wconf 88' lang='lat'>‚</span> <span class='ocrx_word' id='word_1_244' title='bbox 657 2152 705 2185; x_wconf 81' lang='grc' dir='ltr'>Μ.</span> <span class='ocrx_word' id='word_1_245' title='bbox 725 2153 830 2185; x_wconf 72' lang='lat' dir='ltr'>Marii·</span> <span class='ocrx_word' id='word_1_246' title='bbox 846 2151 1037 2184; x_wconf 77' lang='lat' dir='ltr'>Gratidiani</span> <span class='ocrx_word' id='word_1_247' title='bbox 1053 2156 1167 2192; x_wconf 72' lang='lat' dir='ltr'>pater,</span> <span class='ocrx_word' id='word_1_248' title='bbox 1196 2150 1248 2186; x_wconf 78' lang='grc' dir='ltr'>Μ,</span> 
     </span>
     <span class='ocr_line' id='line_1_38' title="bbox 100 2196 1128 2244; baseline 0.002 -16"><span class='ocrx_word' id='word_1_249' title='bbox 100 2196 246 2233; x_wconf 55' lang='lat' dir='ltr'>Antonii</span> <span class='ocrx_word' id='word_1_250' title='bbox 266 2197 500 2244; x_wconf 67' lang='lat' dir='ltr'>perfamiliaris</span> <span class='ocrx_word' id='word_1_251' title='bbox 524 2215 568 2224; x_wconf 94' lang='lat'>—</span> <span class='ocrx_word' id='word_1_252' title='bbox 590 2197 656 2242; x_wconf 70' lang='lat' dir='ltr'>qui</span> <span class='ocrx_word' id='word_1_253' title='bbox 668 2200 840 2233; x_wconf 76' lang='lat' dir='ltr'>accusavit</span> <span class='ocrx_word' id='word_1_254' title='bbox 862 2199 901 2232; x_wconf 83' lang='lat' dir='ltr'>C.</span> <span class='ocrx_word' id='word_1_255' title='bbox 922 2197 1128 2238; x_wconf 54' lang='lat' dir='ltr'>Fimbriams</span> 
     </span>
    </p>
   </div>
  </div>
 </body>
</html>
