<?xml version="1.0" encoding="UTF-8"?>
<!DOCTYPE html PUBLIC "-//W3C//DTD XHTML 1.0 Transitional//EN"
    "http://www.w3.org/TR/xhtml1/DTD/xhtml1-transitional.dtd">
<html xmlns="http://www.w3.org/1999/xhtml" xml:lang="en" lang="en">
 <head>
  <title>
</title>
<meta http-equiv="Content-Type" content="text/html;charset=utf-8" />
  <meta name='ocr-system' content='tesseract 3.04.00' />
  <meta name='ocr-capabilities' content='ocr_page ocr_carea ocr_par ocr_line ocrx_word'/>
</head>
<body>
  <div class='ocr_page' id='page_1' title='image "./operaquaesupers03ciceuoft/operaquaesupers03ciceuoft_0385.png"; bbox 0 0 1394 2503; ppageno 0'>
   <div class='ocr_carea' id='block_1_1' title="bbox 223 147 1228 196">
    <p class='ocr_par' dir='ltr' id='par_1_1' title="bbox 223 147 1228 196">
     <span class='ocr_line' id='line_1_1' title="bbox 223 147 1228 196; baseline -0.002 -10"><span class='ocrx_word' id='word_1_1' title='bbox 223 150 288 186; x_wconf 91' lang='lat' dir='ltr'>DE</span> <span class='ocrx_word' id='word_1_2' title='bbox 311 149 421 184; x_wconf 87' lang='lat' dir='ltr'><strong>OPT.</strong></span> <span class='ocrx_word' id='word_1_3' title='bbox 447 148 558 182; x_wconf 69' lang='lat' dir='ltr'><strong>GEN.</strong></span> <span class='ocrx_word' id='word_1_4' title='bbox 582 147 872 184; x_wconf 70' lang='lat' dir='ltr'>ORATORUM.</span> <span class='ocrx_word' id='word_1_5' title='bbox 900 150 1001 184; x_wconf 82' lang='lat' dir='ltr'>CAP.</span> <span class='ocrx_word' id='word_1_6' title='bbox 1021 152 1054 186; x_wconf 83' lang='lat'>4.</span> <span class='ocrx_word' id='word_1_7' title='bbox 1161 151 1228 196; x_wconf 81' lang='lat'>377</span> 
     </span>
    </p>
   </div>
   <div class='ocr_carea' id='block_1_2' title="bbox 20 226 1236 1939">
    <p class='ocr_par' dir='ltr' id='par_1_2' title="bbox 20 226 1236 1939">
     <span class='ocr_line' id='line_1_2' title="bbox 69 226 1228 290; baseline -0.003 -14"><span class='ocrx_word' id='word_1_8' title='bbox 69 233 156 276; x_wconf 88' lang='lat' dir='ltr'>dici</span> <span class='ocrx_word' id='word_1_9' title='bbox 184 226 274 290; x_wconf 84' lang='lat' dir='ltr'>pro</span> <span class='ocrx_word' id='word_1_10' title='bbox 296 230 477 273; x_wconf 86' lang='lat' dir='ltr'>Milone</span> <span class='ocrx_word' id='word_1_11' title='bbox 497 227 717 281; x_wconf 85' lang='lat' dir='ltr'>decuisse,</span> <span class='ocrx_word' id='word_1_12' title='bbox 759 237 806 270; x_wconf 90' lang='lat' dir='ltr'>ut</span> <span class='ocrx_word' id='word_1_13' title='bbox 831 229 865 271; x_wconf 87' lang='lat' dir='ltr'>si</span> <span class='ocrx_word' id='word_1_14' title='bbox 897 229 949 271; x_wconf 87' lang='lat' dir='ltr'>de</span> <span class='ocrx_word' id='word_1_15' title='bbox 979 246 1027 272; x_wconf 83' lang='lat' dir='ltr'>re</span> <span class='ocrx_word' id='word_1_16' title='bbox 1058 230 1228 286; x_wconf 82' lang='lat' dir='ltr'>privata</span> 
     </span>
     <span class='ocr_line' id='line_1_3' title="bbox 63 286 1230 342; baseline -0.003 -10"><span class='ocrx_word' id='word_1_17' title='bbox 63 291 122 341; x_wconf 70' lang='lat' dir='ltr'>ad</span> <span class='ocrx_word' id='word_1_18' title='bbox 161 303 303 331; x_wconf 88' lang='lat' dir='ltr'>unum</span> <span class='ocrx_word' id='word_1_19' title='bbox 343 286 534 328; x_wconf 88' lang='lat' dir='ltr'>iudicem</span> <span class='ocrx_word' id='word_1_20' title='bbox 575 286 838 336; x_wconf 85' lang='lat' dir='ltr'>diceremus;</span> <span class='ocrx_word' id='word_1_21' title='bbox 878 286 968 329; x_wconf 85' lang='lat' dir='ltr'>vim</span> <span class='ocrx_word' id='word_1_22' title='bbox 1009 288 1230 342; x_wconf 85' lang='lat' dir='ltr'>eloquen-</span> 
     </span>
     <span class='ocr_line' id='line_1_4' title="bbox 67 343 1230 391; baseline -0.004 -1"><span class='ocrx_word' id='word_1_23' title='bbox 67 349 153 390; x_wconf 82' lang='lat' dir='ltr'><strong>tiae</strong></span> <span class='ocrx_word' id='word_1_24' title='bbox 192 361 270 388; x_wconf 86' lang='lat' dir='ltr'>sua</span> <span class='ocrx_word' id='word_1_25' title='bbox 314 343 534 390; x_wconf 77' lang='lat' dir='ltr'>facultate,</span> <span class='ocrx_word' id='word_1_26' title='bbox 574 357 664 384; x_wconf 89' lang='lat' dir='ltr'>non</span> <span class='ocrx_word' id='word_1_27' title='bbox 704 345 767 384; x_wconf 84' lang='lat' dir='ltr'>rei</span> <span class='ocrx_word' id='word_1_28' title='bbox 807 353 990 391; x_wconf 83' lang='lat' dir='ltr'>natura,</span> <span class='ocrx_word' id='word_1_29' title='bbox 1032 345 1230 385; x_wconf 68' lang='lat' dir='ltr'>metiun-</span> 
     </span>
     <span class='ocr_line' id='line_1_5' title="bbox 69 400 1226 457; baseline -0.003 -11"><span class='ocrx_word' id='word_1_30' title='bbox 69 413 159 446; x_wconf 87' lang='lat' dir='ltr'>tur.</span> <span class='ocrx_word' id='word_1_31' title='bbox 231 402 396 457; x_wconf 68' lang='lat' dir='ltr'>«Quare</span> <span class='ocrx_word' id='word_1_32' title='bbox 443 400 653 456; x_wconf 84' lang='lat' dir='ltr'>quoniam</span> <span class='ocrx_word' id='word_1_33' title='bbox 699 402 1022 443; x_wconf 84' lang='lat' dir='ltr'>nonnullorum</span> <span class='ocrx_word' id='word_1_34' title='bbox 1080 416 1226 442; x_wconf 85' lang='lat' dir='ltr'>sermo</span> 
     </span>
     <span class='ocr_line' id='line_1_6' title="bbox 68 457 1228 514; baseline -0.004 -11"><span class='ocrx_word' id='word_1_35' title='bbox 68 461 159 504; x_wconf 80' lang='lat' dir='ltr'>iam</span> <span class='ocrx_word' id='word_1_36' title='bbox 188 457 449 510; x_wconf 81' lang='lat' dir='ltr'>increbruit,</span> <span class='ocrx_word' id='word_1_37' title='bbox 479 458 642 514; x_wconf 82' lang='lat' dir='ltr'>partim</span> <span class='ocrx_word' id='word_1_38' title='bbox 671 472 718 498; x_wconf 91' lang='lat' dir='ltr'>se</span> <span class='ocrx_word' id='word_1_39' title='bbox 740 457 858 514; x_wconf 82' lang='lat' dir='ltr'>ipsos</span> <span class='ocrx_word' id='word_1_40' title='bbox 887 460 1036 500; x_wconf 81' lang='lat' dir='ltr'>Attice</span> <span class='ocrx_word' id='word_1_41' title='bbox 1066 459 1228 510; x_wconf 76' lang='lat' dir='ltr'>dicere,</span> 
     </span>
     <span class='ocr_line' id='line_1_7' title="bbox 69 515 1228 576; baseline -0.002 -18"><span class='ocrx_word' id='word_1_42' title='bbox 69 517 234 576; x_wconf 84' lang='lat' dir='ltr'>partim</span> <span class='ocrx_word' id='word_1_43' title='bbox 264 515 488 557; x_wconf 86' lang='lat' dir='ltr'>neminem</span> <span class='ocrx_word' id='word_1_44' title='bbox 518 521 720 555; x_wconf 83' lang='lat' dir='ltr'>nostrum</span> <span class='ocrx_word' id='word_1_45' title='bbox 749 515 912 556; x_wconf 78' lang='lat' dir='ltr'>dicere:</span> <span class='ocrx_word' id='word_1_46' title='bbox 953 518 1110 557; x_wconf 83' lang='lat' dir='ltr'>alteros</span> <span class='ocrx_word' id='word_1_47' title='bbox 1144 531 1228 556; x_wconf 87' lang='lat' dir='ltr'>ne·-</span> 
     </span>
     <span class='ocr_line' id='line_1_8' title="bbox 73 571 1231 632; baseline -0.003 -16"><span class='ocrx_word' id='word_1_48' title='bbox 73 574 306 632; x_wconf 80' lang='lat' dir='ltr'>gligamus.</span> <span class='ocrx_word' id='word_1_49' title='bbox 363 572 474 614; x_wconf 86' lang='lat' dir='ltr'>Satis</span> <span class='ocrx_word' id='word_1_50' title='bbox 506 572 625 612; x_wconf 86' lang='lat' dir='ltr'>enim</span> <span class='ocrx_word' id='word_1_51' title='bbox 652 571 719 613; x_wconf 84' lang='lat' dir='ltr'>his</span> <span class='ocrx_word' id='word_1_52' title='bbox 748 586 817 613; x_wconf 88' lang='lat' dir='ltr'>res</span> <span class='ocrx_word' id='word_1_53' title='bbox 853 574 949 628; x_wconf 85' lang='lat' dir='ltr'>ipsa</span> <span class='ocrx_word' id='word_1_54' title='bbox 977 573 1231 630; x_wconf 79' lang='lat' dir='ltr'><strong>respondet,</strong></span> 
     </span>
     <span class='ocr_line' id='line_1_9' title="bbox 73 628 1232 687; baseline 0 -16"><span class='ocrx_word' id='word_1_55' title='bbox 73 646 215 687; x_wconf 89' lang='lat' dir='ltr'>quum</span> <span class='ocrx_word' id='word_1_56' title='bbox 253 637 330 672; x_wconf 89' lang='lat' dir='ltr'>aut</span> <span class='ocrx_word' id='word_1_57' title='bbox 378 643 467 670; x_wconf 86' lang='lat' dir='ltr'>non</span> <span class='ocrx_word' id='word_1_58' title='bbox 510 628 796 671; x_wconf 82' lang='lat' dir='ltr'>adhibeantur</span> <span class='ocrx_word' id='word_1_59' title='bbox 841 630 890 670; x_wconf 83' lang='lat' dir='ltr'>ad</span> <span class='ocrx_word' id='word_1_60' title='bbox 932 646 1103 680; x_wconf 79' lang='lat' dir='ltr'>causas,</span> <span class='ocrx_word' id='word_1_61' title='bbox 1154 637 1232 671; x_wconf 84' lang='lat' dir='ltr'>aut</span> 
     </span>
     <span class='ocr_line' id='line_1_10' title="bbox 70 686 1227 736; baseline -0.001 -7"><span class='ocrx_word' id='word_1_62' title='bbox 70 687 255 730; x_wconf 82' lang='lat' dir='ltr'>adhibiti</span> <span class='ocrx_word' id='word_1_63' title='bbox 286 686 578 727; x_wconf 76' lang='lat' dir='ltr'>derideantur.</span> <span class='ocrx_word' id='word_1_64' title='bbox 643 687 759 727; x_wconf 78' lang='lat' dir='ltr'>Nam</span> <span class='ocrx_word' id='word_1_65' title='bbox 790 687 824 728; x_wconf 89' lang='lat' dir='ltr'>si</span> <span class='ocrx_word' id='word_1_66' title='bbox 855 688 1176 736; x_wconf 82' lang='lat' dir='ltr'>arriderentur,</span> <span class='ocrx_word' id='word_1_67' title='bbox 1211 690 1227 708; x_wconf 79' lang='lat'>¹</span> 
     </span>
     <span class='ocr_line' id='line_1_11' title="bbox 73 742 1232 800; baseline -0.002 -14"><span class='ocrx_word' id='word_1_68' title='bbox 73 753 184 787; x_wconf 88' lang='lat' dir='ltr'>esset</span> <span class='ocrx_word' id='word_1_69' title='bbox 229 743 273 786; x_wconf 89' lang='lat' dir='ltr'>id</span> <span class='ocrx_word' id='word_1_70' title='bbox 323 744 468 800; x_wconf 86' lang='lat' dir='ltr'>ipsum</span> <span class='ocrx_word' id='word_1_71' title='bbox 510 742 772 785; x_wconf 81' lang='lat' dir='ltr'>Atticorum.</span> <span class='ocrx_word' id='word_1_72' title='bbox 838 745 922 786; x_wconf 88' lang='lat' dir='ltr'>Sed</span> <span class='ocrx_word' id='word_1_73' title='bbox 963 745 1037 800; x_wconf 89' lang='lat' dir='ltr'>qui</span> <span class='ocrx_word' id='word_1_74' title='bbox 1085 744 1168 785; x_wconf 88' lang='lat' dir='ltr'>dici</span> <span class='ocrx_word' id='word_1_75' title='bbox 1205 757 1232 784; x_wconf 89' lang='lat' dir='ltr'>a</span> 
     </span>
     <span class='ocr_line' id='line_1_12' title="bbox 20 800 1230 858; baseline -0.003 -14"><span class='ocrx_word' id='word_1_76' title='bbox 20 827 24 833; x_wconf 54' lang='grc' dir='ltr'><em>ι</em></span> <span class='ocrx_word' id='word_1_77' title='bbox 72 802 201 845; x_wconf 84' lang='lat' dir='ltr'>nobis</span> <span class='ocrx_word' id='word_1_78' title='bbox 241 800 390 843; x_wconf 89' lang='lat' dir='ltr'>Attico</span> <span class='ocrx_word' id='word_1_79' title='bbox 441 815 567 841; x_wconf 87' lang='lat' dir='ltr'>more</span> <span class='ocrx_word' id='word_1_80' title='bbox 613 800 792 851; x_wconf 86' lang='lat' dir='ltr'>nolunt,</span> <span class='ocrx_word' id='word_1_81' title='bbox 838 801 922 858; x_wconf 85' lang='lat' dir='ltr'>ipsi</span> <span class='ocrx_word' id='word_1_82' title='bbox 966 810 1137 850; x_wconf 88' lang='lat' dir='ltr'>autem,</span> <span class='ocrx_word' id='word_1_83' title='bbox 1183 816 1230 841; x_wconf 87' lang='lat' dir='ltr'>se</span> 
     </span>
     <span class='ocr_line' id='line_1_13' title="bbox 73 857 1229 912; baseline -0.003 -11"><span class='ocrx_word' id='word_1_84' title='bbox 73 874 165 902; x_wconf 87' lang='lat' dir='ltr'>non</span> <span class='ocrx_word' id='word_1_85' title='bbox 205 866 398 899; x_wconf 83' lang='lat' dir='ltr'>oratores</span> <span class='ocrx_word' id='word_1_86' title='bbox 440 872 556 908; x_wconf 77' lang='lat' dir='ltr'>esse,</span> <span class='ocrx_word' id='word_1_87' title='bbox 603 857 893 912; x_wconf 87' lang='lat' dir='ltr'>profitentur,</span> <span class='ocrx_word' id='word_1_88' title='bbox 936 861 958 881; x_wconf 83' lang='lat'>2</span> <span class='ocrx_word' id='word_1_89' title='bbox 999 858 1034 899; x_wconf 87' lang='lat' dir='ltr'>si</span> <span class='ocrx_word' id='word_1_90' title='bbox 1070 866 1229 899; x_wconf 89' lang='lat' dir='ltr'>teretes</span> 
     </span>
     <span class='ocr_line' id='line_1_14' title="bbox 74 913 1231 970; baseline -0.003 -12"><span class='ocrx_word' id='word_1_91' title='bbox 74 930 205 958; x_wconf 84' lang='lat' dir='ltr'>aures</span> <span class='ocrx_word' id='word_1_92' title='bbox 241 915 425 964; x_wconf 86' lang='lat' dir='ltr'>habent,</span> <span class='ocrx_word' id='word_1_93' title='bbox 468 913 802 970; x_wconf 76' lang='lat' dir='ltr'>intelligensque</span> <span class='ocrx_word' id='word_1_94' title='bbox 840 914 1072 963; x_wconf 85' lang='lat' dir='ltr'>iudicium,</span> <span class='ocrx_word' id='word_1_95' title='bbox 1113 925 1231 957; x_wconf 85' lang='lat' dir='ltr'>tam-</span> 
     </span>
     <span class='ocr_line' id='line_1_15' title="bbox 74 972 1225 1030; baseline -0.001 -16"><span class='ocrx_word' id='word_1_96' title='bbox 74 987 210 1030; x_wconf 89' lang='lat' dir='ltr'>quam</span> <span class='ocrx_word' id='word_1_97' title='bbox 241 972 295 1012; x_wconf 87' lang='lat' dir='ltr'>ad</span> <span class='ocrx_word' id='word_1_98' title='bbox 325 972 545 1028; x_wconf 78' lang='lat' dir='ltr'>picturam</span> <span class='ocrx_word' id='word_1_99' title='bbox 576 972 865 1027; x_wconf 77' lang='lat' dir='ltr'>probandam,</span> <span class='ocrx_word' id='word_1_100' title='bbox 897 973 1186 1013; x_wconf 82' lang='lat' dir='ltr'>adhibeantur</span> <span class='ocrx_word' id='word_1_101' title='bbox 1209 974 1225 998; x_wconf 81' lang='lat'>³</span> 
     </span>
     <span class='ocr_line' id='line_1_16' title="bbox 74 1027 1230 1084; baseline -0.003 -12"><span class='ocrx_word' id='word_1_102' title='bbox 74 1031 209 1072; x_wconf 85' lang='lat' dir='ltr'>etiam</span> <span class='ocrx_word' id='word_1_103' title='bbox 239 1029 366 1070; x_wconf 85' lang='lat' dir='ltr'>inscii</span> <span class='ocrx_word' id='word_1_104' title='bbox 396 1027 595 1078; x_wconf 80' lang='lat' dir='ltr'>faciendi,</span> <span class='ocrx_word' id='word_1_105' title='bbox 627 1043 726 1069; x_wconf 87' lang='lat' dir='ltr'>oum</span> <span class='ocrx_word' id='word_1_106' title='bbox 756 1030 899 1084; x_wconf 84' lang='lat' dir='ltr'>aliqua</span> <span class='ocrx_word' id='word_1_107' title='bbox 931 1030 1124 1071; x_wconf 85' lang='lat' dir='ltr'>sollertia</span> <span class='ocrx_word' id='word_1_108' title='bbox 1155 1029 1230 1070; x_wconf 89' lang='lat' dir='ltr'>iu—</span> 
     </span>
     <span class='ocr_line' id='line_1_17' title="bbox 76 1085 1232 1142; baseline -0.003 -14"><span class='ocrx_word' id='word_1_109' title='bbox 76 1085 275 1129; x_wconf 85' lang='lat' dir='ltr'>dicandi:</span> <span class='ocrx_word' id='word_1_110' title='bbox 314 1086 380 1127; x_wconf 85' lang='lat' dir='ltr'>sin</span> <span class='ocrx_word' id='word_1_111' title='bbox 417 1092 566 1126; x_wconf 84' lang='lat' dir='ltr'>autem</span> <span class='ocrx_word' id='word_1_112' title='bbox 603 1085 939 1142; x_wconf 77' lang='lat' dir='ltr'>intelligentiam</span> <span class='ocrx_word' id='word_1_113' title='bbox 980 1093 1150 1142; x_wconf 89' lang='lat' dir='ltr'>ponunt</span> <span class='ocrx_word' id='word_1_114' title='bbox 1184 1086 1232 1126; x_wconf 87' lang='lat' dir='ltr'>in</span> 
     </span>
     <span class='ocr_line' id='line_1_18' title="bbox 75 1141 1233 1199; baseline -0.003 -13"><span class='ocrx_word' id='word_1_115' title='bbox 75 1142 279 1186; x_wconf 80' lang='lat' dir='ltr'>audiendi</span> <span class='ocrx_word' id='word_1_116' title='bbox 308 1141 510 1192; x_wconf 80' lang='lat' dir='ltr'>fastidio,</span> <span class='ocrx_word' id='word_1_117' title='bbox 539 1157 680 1199; x_wconf 90' lang='lat' dir='ltr'>neque</span> <span class='ocrx_word' id='word_1_118' title='bbox 709 1158 781 1184; x_wconf 88' lang='lat' dir='ltr'>eos</span> <span class='ocrx_word' id='word_1_119' title='bbox 812 1143 1050 1198; x_wconf 82' lang='lat' dir='ltr'>quidquam</span> <span class='ocrx_word' id='word_1_120' title='bbox 1080 1142 1233 1183; x_wconf 76' lang='lat' dir='ltr'>excel-</span> 
     </span>
     <span class='ocr_line' id='line_1_19' title="bbox 76 1198 1233 1255; baseline -0.002 -14"><span class='ocrx_word' id='word_1_121' title='bbox 76 1216 178 1243; x_wconf 88' lang='lat' dir='ltr'>sum</span> <span class='ocrx_word' id='word_1_122' title='bbox 203 1198 577 1255; x_wconf 85' lang='lat' dir='ltr'>magnificumque</span> <span class='ocrx_word' id='word_1_123' title='bbox 607 1200 809 1252; x_wconf 80' lang='lat' dir='ltr'>delectat,</span> <span class='ocrx_word' id='word_1_124' title='bbox 840 1201 1008 1248; x_wconf 87' lang='lat' dir='ltr'>dicant,</span> <span class='ocrx_word' id='word_1_125' title='bbox 1048 1216 1094 1241; x_wconf 89' lang='lat' dir='ltr'>se</span> <span class='ocrx_word' id='word_1_126' title='bbox 1125 1199 1233 1240; x_wconf 86' lang='lat' dir='ltr'>sub-</span> 
     </span>
     <span class='ocr_line' id='line_1_20' title="bbox 76 1256 1233 1313; baseline -0.002 -14"><span class='ocrx_word' id='word_1_127' title='bbox 76 1258 153 1300; x_wconf 81' lang='lat' dir='ltr'>tile</span> <span class='ocrx_word' id='word_1_128' title='bbox 196 1256 403 1313; x_wconf 83' lang='lat' dir='ltr'>quiddam</span> <span class='ocrx_word' id='word_1_129' title='bbox 447 1264 489 1296; x_wconf 91' lang='lat' dir='ltr'>et</span> <span class='ocrx_word' id='word_1_130' title='bbox 524 1257 713 1312; x_wconf 85' lang='lat' dir='ltr'>politum</span> <span class='ocrx_word' id='word_1_131' title='bbox 750 1258 888 1305; x_wconf 78' lang='lat' dir='ltr'>velle,</span> <span class='ocrx_word' id='word_1_132' title='bbox 927 1272 1058 1311; x_wconf 76' lang='lat' dir='ltr'>grave</span> <span class='ocrx_word' id='word_1_133' title='bbox 1097 1271 1233 1298; x_wconf 86' lang='lat' dir='ltr'>orna-</span> 
     </span>
     <span class='ocr_line' id='line_1_21' title="bbox 75 1313 1232 1368; baseline 0 -13"><span class='ocrx_word' id='word_1_134' title='bbox 75 1321 262 1368; x_wconf 83' lang='lat' dir='ltr'>tumque</span> <span class='ocrx_word' id='word_1_135' title='bbox 292 1321 590 1355; x_wconf 85' lang='lat' dir='ltr'>contemnere:</span> <span class='ocrx_word' id='word_1_136' title='bbox 630 1313 673 1355; x_wconf 87' lang='lat' dir='ltr'>id</span> <span class='ocrx_word' id='word_1_137' title='bbox 711 1329 818 1355; x_wconf 77' lang='lat' dir='ltr'>vero</span> <span class='ocrx_word' id='word_1_138' title='bbox 847 1315 1046 1356; x_wconf 86' lang='lat' dir='ltr'>desinant</span> <span class='ocrx_word' id='word_1_139' title='bbox 1075 1315 1232 1365; x_wconf 86' lang='lat' dir='ltr'>dicere,</span> 
     </span>
     <span class='ocr_line' id='line_1_22' title="bbox 78 1369 1230 1426; baseline 0.001 -15"><span class='ocrx_word' id='word_1_140' title='bbox 78 1370 157 1426; x_wconf 83' lang='lat' dir='ltr'>qui</span> <span class='ocrx_word' id='word_1_141' title='bbox 185 1369 400 1411; x_wconf 83' lang='lat' dir='ltr'>subtiliter</span> <span class='ocrx_word' id='word_1_142' title='bbox 425 1370 594 1422; x_wconf 80' lang='lat' dir='ltr'>dicant,</span> <span class='ocrx_word' id='word_1_143' title='bbox 637 1386 710 1412; x_wconf 89' lang='lat' dir='ltr'>eos</span> <span class='ocrx_word' id='word_1_144' title='bbox 740 1372 855 1413; x_wconf 87' lang='lat' dir='ltr'>solos</span> <span class='ocrx_word' id='word_1_145' title='bbox 885 1372 1035 1413; x_wconf 80' lang='lat' dir='ltr'>Attice</span> <span class='ocrx_word' id='word_1_146' title='bbox 1073 1370 1230 1419; x_wconf 85' lang='lat' dir='ltr'>dicere,</span> 
     </span>
     <span class='ocr_line' id='line_1_23' title="bbox 77 1426 1233 1484; baseline -0.001 -15"><span class='ocrx_word' id='word_1_147' title='bbox 77 1427 125 1469; x_wconf 79' lang='lat' dir='ltr'>id</span> <span class='ocrx_word' id='word_1_148' title='bbox 154 1434 240 1477; x_wconf 88' lang='lat' dir='ltr'>est,</span> <span class='ocrx_word' id='word_1_149' title='bbox 272 1426 397 1482; x_wconf 88' lang='lat' dir='ltr'>quasi</span> <span class='ocrx_word' id='word_1_150' title='bbox 425 1427 537 1467; x_wconf 85' lang='lat' dir='ltr'>sicce</span> <span class='ocrx_word' id='word_1_151' title='bbox 566 1435 608 1468; x_wconf 88' lang='lat' dir='ltr'>et</span> <span class='ocrx_word' id='word_1_152' title='bbox 642 1429 826 1482; x_wconf 76' lang='lat' dir='ltr'>integre.</span> <span class='ocrx_word' id='word_1_153' title='bbox 885 1428 946 1469; x_wconf 89' lang='lat' dir='ltr'>At</span> <span class='ocrx_word' id='word_1_154' title='bbox 975 1429 1149 1484; x_wconf 83' lang='lat' dir='ltr'>ample,</span> <span class='ocrx_word' id='word_1_155' title='bbox 1189 1433 1233 1468; x_wconf 89' lang='lat' dir='ltr'>et</span> 
     </span>
     <span class='ocr_line' id='line_1_24' title="bbox 81 1484 1231 1541; baseline -0.001 -16"><span class='ocrx_word' id='word_1_156' title='bbox 81 1490 259 1532; x_wconf 81' lang='lat' dir='ltr'>ornate,</span> <span class='ocrx_word' id='word_1_157' title='bbox 309 1491 353 1524; x_wconf 86' lang='lat' dir='ltr'>et</span> <span class='ocrx_word' id='word_1_158' title='bbox 395 1484 588 1539; x_wconf 85' lang='lat' dir='ltr'>copiose,</span> <span class='ocrx_word' id='word_1_159' title='bbox 636 1500 737 1525; x_wconf 87' lang='lat' dir='ltr'>cum</span> <span class='ocrx_word' id='word_1_160' title='bbox 776 1485 926 1526; x_wconf 86' lang='lat' dir='ltr'>eadem</span> <span class='ocrx_word' id='word_1_161' title='bbox 965 1485 1231 1541; x_wconf 86' lang='lat' dir='ltr'>integritate,</span> 
     </span>
     <span class='ocr_line' id='line_1_25' title="bbox 76 1540 1233 1595; baseline -0.003 -10"><span class='ocrx_word' id='word_1_162' title='bbox 76 1540 333 1585; x_wconf 88' lang='lat' dir='ltr'>Atticorum</span> <span class='ocrx_word' id='word_1_163' title='bbox 373 1548 448 1582; x_wconf 79' lang='lat' dir='ltr'>est.</span> <span class='ocrx_word' id='word_1_164' title='bbox 534 1540 686 1595; x_wconf 82' lang='lat' dir='ltr'>Quid?</span> <span class='ocrx_word' id='word_1_165' title='bbox 724 1541 908 1582; x_wconf 88' lang='lat' dir='ltr'>dubium</span> <span class='ocrx_word' id='word_1_166' title='bbox 955 1550 1038 1592; x_wconf 88' lang='lat' dir='ltr'>est,</span> <span class='ocrx_word' id='word_1_167' title='bbox 1079 1549 1233 1582; x_wconf 88' lang='lat' dir='ltr'>utrum</span> 
     </span>
     <span class='ocr_line' id='line_1_26' title="bbox 79 1597 1234 1647; baseline -0.002 -7"><span class='ocrx_word' id='word_1_168' title='bbox 79 1597 325 1640; x_wconf 88' lang='lat' dir='ltr'>orationem</span> <span class='ocrx_word' id='word_1_169' title='bbox 367 1605 562 1639; x_wconf 77' lang='lat' dir='ltr'>nostram</span> <span class='ocrx_word' id='word_1_170' title='bbox 610 1597 882 1640; x_wconf 85' lang='lat' dir='ltr'>tolerabilem</span> <span class='ocrx_word' id='word_1_171' title='bbox 935 1605 1135 1647; x_wconf 82' lang='lat' dir='ltr'>tantum,</span> <span class='ocrx_word' id='word_1_172' title='bbox 1176 1612 1234 1638; x_wconf 85' lang='lat' dir='ltr'>an</span> 
     </span>
     <span class='ocr_line' id='line_1_27' title="bbox 79 1654 1234 1710; baseline -0.002 -13"><span class='ocrx_word' id='word_1_173' title='bbox 79 1655 214 1697; x_wconf 82' lang='lat' dir='ltr'>etiam</span> <span class='ocrx_word' id='word_1_174' title='bbox 244 1654 549 1696; x_wconf 84' lang='lat' dir='ltr'>admirabilem</span> <span class='ocrx_word' id='word_1_175' title='bbox 579 1670 672 1696; x_wconf 81' lang='lat' dir='ltr'>esse</span> <span class='ocrx_word' id='word_1_176' title='bbox 702 1655 961 1710; x_wconf 80' lang='lat' dir='ltr'>cupiamus?</span> <span class='ocrx_word' id='word_1_177' title='bbox 993 1671 1082 1697; x_wconf 90' lang='lat' dir='ltr'>non</span> <span class='ocrx_word' id='word_1_178' title='bbox 1113 1655 1234 1696; x_wconf 87' lang='lat' dir='ltr'>enim</span> 
     </span>
     <span class='ocr_line' id='line_1_28' title="bbox 78 1711 1236 1767; baseline -0.002 -14"><span class='ocrx_word' id='word_1_179' title='bbox 78 1712 173 1753; x_wconf 80' lang='lat' dir='ltr'>iam</span> <span class='ocrx_word' id='word_1_180' title='bbox 204 1711 478 1765; x_wconf 84' lang='lat' dir='ltr'>quaerimus,</span> <span class='ocrx_word' id='word_1_181' title='bbox 508 1712 610 1767; x_wconf 83' lang='lat' dir='ltr'>quid</span> <span class='ocrx_word' id='word_1_182' title='bbox 644 1712 697 1752; x_wconf 83' lang='lat' dir='ltr'>sit</span> <span class='ocrx_word' id='word_1_183' title='bbox 726 1712 894 1761; x_wconf 78' lang='lat' dir='ltr'>Attice,</span> <span class='ocrx_word' id='word_1_184' title='bbox 936 1711 1010 1752; x_wconf 83' lang='lat' dir='ltr'>sed</span> <span class='ocrx_word' id='word_1_185' title='bbox 1042 1712 1146 1767; x_wconf 90' lang='lat' dir='ltr'>quid</span> <span class='ocrx_word' id='word_1_186' title='bbox 1178 1711 1236 1751; x_wconf 87' lang='lat' dir='ltr'>sit</span> 
     </span>
     <span class='ocr_line' id='line_1_29' title="bbox 80 1767 1235 1824; baseline 0 -16"><span class='ocrx_word' id='word_1_187' title='bbox 80 1768 245 1823; x_wconf 89' lang='lat' dir='ltr'>optime</span> <span class='ocrx_word' id='word_1_188' title='bbox 276 1767 430 1810; x_wconf 88' lang='lat' dir='ltr'>dicere.</span> <span class='ocrx_word' id='word_1_189' title='bbox 490 1770 563 1810; x_wconf 74' lang='lat' dir='ltr'>Ex</span> <span class='ocrx_word' id='word_1_190' title='bbox 593 1783 680 1822; x_wconf 85' lang='lat' dir='ltr'>quo</span> <span class='ocrx_word' id='word_1_191' title='bbox 710 1768 985 1824; x_wconf 70' lang='lat' dir='ltr'>intelligitur,</span> <span class='ocrx_word' id='word_1_192' title='bbox 1024 1769 1235 1824; x_wconf 87' lang='lat' dir='ltr'>quoniam</span> 
     </span>
     <span class='ocr_line' id='line_1_30' title="bbox 78 1825 1234 1881; baseline 0 -15"><span class='ocrx_word' id='word_1_193' title='bbox 78 1825 357 1866; x_wconf 78' lang='lat' dir='ltr'>Graecorum</span> <span class='ocrx_word' id='word_1_194' title='bbox 400 1833 627 1867; x_wconf 81' lang='lat' dir='ltr'>oratorum</span> <span class='ocrx_word' id='word_1_195' title='bbox 657 1825 1019 1881; x_wconf 83' lang='lat' dir='ltr'>praestantissimi</span> <span class='ocrx_word' id='word_1_196' title='bbox 1051 1833 1151 1867; x_wconf 82' lang='lat' dir='ltr'>sunt</span> <span class='ocrx_word' id='word_1_197' title='bbox 1190 1825 1234 1875; x_wconf 70' lang='lat' dir='ltr'>ii,</span> 
     </span>
     <span class='ocr_line' id='line_1_31' title="bbox 77 1880 1234 1939; baseline 0 -17"><span class='ocrx_word' id='word_1_198' title='bbox 77 1882 154 1937; x_wconf 85' lang='lat' dir='ltr'>qui</span> <span class='ocrx_word' id='word_1_199' title='bbox 183 1880 365 1922; x_wconf 88' lang='lat' dir='ltr'>fuerunt</span> <span class='ocrx_word' id='word_1_200' title='bbox 400 1880 585 1924; x_wconf 86' lang='lat' dir='ltr'>Athenis</span> <span class='ocrx_word' id='word_1_201' title='bbox 597 1898 611 1935; x_wconf 83' lang='lat'>3</span> <span class='ocrx_word' id='word_1_202' title='bbox 656 1897 812 1925; x_wconf 85' lang='lat' dir='ltr'>eorum</span> <span class='ocrx_word' id='word_1_203' title='bbox 851 1890 998 1924; x_wconf 89' lang='lat' dir='ltr'>autem</span> <span class='ocrx_word' id='word_1_204' title='bbox 1026 1883 1234 1939; x_wconf 84' lang='lat' dir='ltr'>princeps</span> 
     </span>
    </p>
   </div>
   <div class='ocr_carea' id='block_1_3' title="bbox 125 2063 1191 2176">
    <p class='ocr_par' dir='ltr' id='par_1_3' title="bbox 125 2063 1191 2176">
     <span class='ocr_line' id='line_1_32' title="bbox 127 2063 975 2109; baseline 0.002 -15"><span class='ocrx_word' id='word_1_205' title='bbox 127 2068 161 2102; x_wconf 81' lang='lat'>1)</span> <span class='ocrx_word' id='word_1_206' title='bbox 180 2065 276 2095; x_wconf 78' lang='lat' dir='ltr'>Bene</span> <span class='ocrx_word' id='word_1_207' title='bbox 299 2063 350 2095; x_wconf 83' lang='lat' dir='ltr'>sic</span> <span class='ocrx_word' id='word_1_208' title='bbox 366 2063 566 2097; x_wconf 73' lang='lat' dir='ltr'>Ernestius.</span> <span class='ocrx_word' id='word_1_209' title='bbox 614 2064 730 2109; x_wconf 83' lang='lat' dir='ltr'><em>Vulgo</em></span> <span class='ocrx_word' id='word_1_210' title='bbox 749 2064 975 2098; x_wconf 81' lang='lat' dir='ltr'>arrideantur.</span> 
     </span>
     <span class='ocr_line' id='line_1_33' title="bbox 125 2127 1191 2176; baseline 0 -15"><span class='ocrx_word' id='word_1_211' title='bbox 125 2127 167 2171; x_wconf 84' lang='lat'>2)</span> <span class='ocrx_word' id='word_1_212' title='bbox 190 2129 279 2162; x_wconf 83' lang='lat' dir='ltr'>Ern.</span> <span class='ocrx_word' id='word_1_213' title='bbox 298 2127 389 2161; x_wconf 83' lang='lat' dir='ltr'>coni.</span> <span class='ocrx_word' id='word_1_214' title='bbox 409 2130 639 2170; x_wconf 81' lang='lat' dir='ltr'>confitentur,</span> <span class='ocrx_word' id='word_1_215' title='bbox 666 2132 736 2163; x_wconf 80' lang='lat' dir='ltr'>nisi</span> <span class='ocrx_word' id='word_1_216' title='bbox 754 2133 832 2176; x_wconf 81' lang='lat' dir='ltr'>quis</span> <span class='ocrx_word' id='word_1_217' title='bbox 849 2131 956 2163; x_wconf 80' lang='lat' dir='ltr'>malit</span> <span class='ocrx_word' id='word_1_218' title='bbox 973 2141 1046 2162; x_wconf 87' lang='lat' dir='ltr'>esse</span> <span class='ocrx_word' id='word_1_219' title='bbox 1063 2128 1191 2161; x_wconf 73' lang='lat' dir='ltr'>delere.</span> 
     </span>
    </p>
   </div>
   <div class='ocr_carea' id='block_1_4' title="bbox 85 2193 1239 2287">
    <p class='ocr_par' dir='ltr' id='par_1_4' title="bbox 85 2193 1239 2287">
     <span class='ocr_line' id='line_1_34' title="bbox 126 2193 1239 2240; baseline 0.001 -15"><span class='ocrx_word' id='word_1_220' title='bbox 126 2193 169 2237; x_wconf 76' lang='grc' dir='ltr'>ὅ)</span> <span class='ocrx_word' id='word_1_221' title='bbox 193 2195 255 2226; x_wconf 82' lang='lat' dir='ltr'>Ila</span> <span class='ocrx_word' id='word_1_222' title='bbox 283 2193 504 2227; x_wconf 75' lang='lat' dir='ltr'>scribendum</span> <span class='ocrx_word' id='word_1_223' title='bbox 528 2208 601 2229; x_wconf 80' lang='lat' dir='ltr'>esse</span> <span class='ocrx_word' id='word_1_224' title='bbox 622 2203 714 2230; x_wconf 78' lang='lat' dir='ltr'>recte</span> <span class='ocrx_word' id='word_1_225' title='bbox 733 2197 909 2230; x_wconf 79' lang='lat' dir='ltr'>iudicavit</span> <span class='ocrx_word' id='word_1_226' title='bbox 925 2197 1124 2237; x_wconf 78' lang='lat' dir='ltr'>Ernestius,</span> <span class='ocrx_word' id='word_1_227' title='bbox 1150 2195 1239 2240; x_wconf 77' lang='lat' dir='ltr'>qula</span> 
     </span>
     <span class='ocr_line' id='line_1_35' title="bbox 85 2238 704 2287; baseline 0.01 -16"><span class='ocrx_word' id='word_1_228' title='bbox 85 2238 247 2284; x_wconf 71' lang='lat' dir='ltr'>sequitur</span> <span class='ocrx_word' id='word_1_229' title='bbox 260 2239 394 2284; x_wconf 80' lang='lat' dir='ltr'>dicant,</span> <span class='ocrx_word' id='word_1_230' title='bbox 415 2241 474 2275; x_wconf 85' lang='lat' dir='ltr'>illi</span> <span class='ocrx_word' id='word_1_231' title='bbox 493 2244 704 2287; x_wconf 73' lang='lat' dir='ltr'>oppositum.</span> 
     </span>
    </p>
   </div>
  </div>
 </body>
</html>
