1394 2503
421 155 614 195 TOPICA.
660 149 763 191 (ΪΑΡ.
784 157 842 190 24·
866 156 926 194 25.
1183 161 1250 202 293

176 238 285 282 Tria
312 243 416 279 sunt
445 236 590 292 igitur
610 250 769 292 genera
797 250 1054 287 causarum3
1088 236 1252 288 iudicii,

61 348 66 349 ⁷
96 293 443 346 deliberationis,
480 293 756 336 laudationis.
816 294 1020 350 Quarum
1043 295 1255 352 finesipsi.

94 352 341 402 declarant,
371 351 528 407 quibus
559 351 772 393 utendum
792 351 898 392 locis
918 353 987 393 sit.
1044 355 1163 395 Nam
1181 354 1257 396 iu-

94 409 199 451 dicii
226 408 327 451 finis
348 417 411 450 est
428 409 521 460 ius3
563 424 620 450 ex
641 423 727 464 quo
748 409 880 449 etiam
905 424 1084 451 nomen.
1142 411 1255 452 Iuris

94 473 241 508 autem
271 473 421 523 partes
450 473 546 506 tum
583 465 826 521 expositae,
875 474 971 508 tum
1008 467 1256 522 aequitatis.

93 522 384 566 Deliberandi
411 522 535 574 finis,
577 525 758 576 utilitas3
808 524 928 565 cuius
964 524 1047 564 hae
1084 533 1256 579 partes,

90 595 207 637 quae
243 580 377 622 modo
414 581 655 634 expositae,
701 595 850 621 rerum
891 583 1254 636 expetendarum.

95 637 380 681 Laudationis
409 635 533 687 finis,
573 638 795 688 honestas3
841 638 895 679 de
935 653 1020 693 qua
1050 639 1159 679 item
1189 647 1254 681 est

97 703 198 738 ante
232 694 407 736 dictum.
467 694 548 736 Sed
580 694 784 737 definitae
806 695 1080 750 quaestiones
1111 711 1136 736 a
1165 696 1255 738 suis

96 766 294 810 quaeque
321 751 446 799 locis,
478 751 599 806 quasi
628 753 840 808 propriiS‚
869 752 1174 804 instituuntur,
1207 754 1255 797 in

96 810 416 852 accusationem
434 807 820 865 defensionemque
835 809 1038 866 partitae.
1079 809 1131 852 In
1153 811 1256 865 qui-

95 867 179 910 bus
209 866 429 908 exsistunt
453 865 560 906 haec
589 879 748 921 genera
758 898 769 917 ‚
815 873 865 908 ut
891 874 1120 908 accusator
1149 882 1256 924 per·

96 939 249 967 sonam
289 929 442 978 arguat
468 922 593 973 facti,
640 921 841 965 defensor
869 924 1029 979 aliquid
1060 933 1256 981 opponat

98 981 152 1022 de
182 981 343 1023 tribus:
393 986 470 1020 aut
507 993 597 1021 non
628 994 720 1021 esse
750 980 942 1028 factum,
988 988 1085 1029 aut,
1135 982 1169 1022 si
1200 982 1256 1024 sit

96 1038 285 1088 factum,
322 1035 437 1077 aliud
468 1035 559 1077 eius
589 1036 690 1077 facti
719 1052 883 1078 nomen
913 1051 1026 1088 esse,
1058 1046 1132 1079 aut
1160 1038 1256 1080 iure

97 1110 193 1138 esse
222 1092 403 1136 factum.
459 1093 610 1148 Itaque
638 1100 712 1135 aut
740 1093 955 1140 infitialis,
999 1102 1075 1136 aut
1104 1095 1256 1137 conie-

96 1151 276 1195 cturalis
301 1150 447 1207 prima
482 1150 750 1206 appelletur3
804 1150 1053 1202 definitiva,
1095 1152 1257 1203 altera3

96 1208 250 1256 tertia,
289 1206 489 1262 quamvis
518 1208 752 1248 molestum
771 1223 937 1249 nomen
959 1208 1045 1250 hoc
1071 1210 1151 1262 sit,
1182 1210 1255 1250 iu-

92 1263 306 1309 ridicialis
335 1272 533 1305 vocetur.
603 1264 776 1305 Harum
812 1280 1041 1307 causarum
1072 1267 1257 1322 propria

94 1328 379 1378 argumenta,
429 1336 482 1363 ex
510 1320 561 1363 iis
590 1328 765 1377 sumpta
792 1322 919 1374 locis,
970 1337 1080 1378 quos
1109 1338 1257 1379 expo-

100 1380 290 1428 suimus,
321 1378 370 1418 in
399 1378 638 1435 praeceptis
669 1379 870 1420 oratoriis
899 1380 1118 1435 explicata
1140 1388 1256 1421 suut.

98 1435 320 1479 Reffimtio
350 1443 496 1476 autem
525 1436 834 1486 accusationis,
881 1436 926 1477 in
970 1451 1055 1491 qua
1085 1445 1150 1477 est
1178 1436 1259 1477 de·-

98 1493 244 1551 pulsio
274 1491 494 1541 criminis,
540 1506 652 1546 quae
693 1492 862 1533 Graece
896 1492 1038 1539 στάσις
1075 1493 1257 1546 dicitur,

98 1550 260 1593 Latine
291 1548 536 1604 appelletur
564 1555 723 1590 status:
764 1549 809 1590 in
839 1563 926 1604 quo
955 1550 1155 1606 primum
1183 1550 1259 1591 in-

98 1607 211 1650 sistit
232 1606 355 1664 quasi
374 1603 427 1646 ad
444 1604 779 1662 repugnandum
799 1619 1031 1662 congressa
1049 1605 1258 1649 defensio.

185 1718 336 1762 XXV.
394 1719 545 1773 Atque
572 1718 707 1760 etiam
735 1719 779 1760 in
811 1718 1192 1761 deliberationibus
1217 1726 1260 1761 et

101 1775 426 1817 laudationibus
454 1775 590 1817 iidem
620 1776 838 1818 exsistunt
867 1783 1014 1820 status.
1073 1776 1192 1817 Nam
1217 1784 1260 1817 et

104 1839 320 1888 negantur
347 1847 476 1889 saepe
506 1847 554 1874 ea
583 1831 734 1874 futura
751 1864 762 1885 ‚
815 1848 928 1889 quae
956 1833 1010 1874 ab
1040 1833 1183 1888 aliquo
1211 1833 1260 1874 in

103 1889 317 1930 sententia
347 1889 458 1930 dicta
487 1897 586 1931 sunt
617 1888 735 1941 fore,
781 1889 819 1931 si
849 1898 923 1931 aut
950 1890 1132 1931 omnino
1159 1888 1259 1931 fieri

102 1960 194 1987 non
223 1955 429 2001 possunt,
468 1955 545 1988 aut
571 1945 666 1988 sine
694 1961 866 1987 summa
897 1945 1151 1990 difficultate
1168 1961 1261 1988 non

103 2010 298 2058 possunt.
367 2003 418 2044 In
454 2018 539 2058 qua
577 2003 955 2060 argumentatione
982 2012 1118 2045 status
1150 2017 1261 2045 con-

103 2058 320 2102 iecturalis
351 2059 532 2102 exsistit.
596 2060 675 2111 At,
724 2075 860 2115 quum
895 2061 1057 2116 aliquid
1088 2060 1142 2101 de
1170 2059 1260 2100 uti-

104 2115 248 2165 litate,
287 2116 534 2167 honestate,
575 2117 789 2172 aequitate
819 2118 1070 2166 disseritur,
1119 2116 1261 2171 deque

104 2172 154 2214 iis
180 2173 337 2224 rebus,
377 2188 487 2229 quae
508 2174 560 2216 iis
587 2181 689 2217 sunt
717 2177 986 2216 contrariae:
1026 2174 1263 2215 incurrunt

106 2238 261 2280 status,
306 2237 382 2270 ant
421 2230 554 2283 iuris,
600 2239 674 2272 aut
707 2232 928 2284 nomini83
988 2230 1105 2286 quod
1143 2230 1259 2270 idem
