1394 2503
160 174 228 209 524
619 169 872 206 CICERONIS

164 254 282 308 lege,
313 263 415 292 cum
443 264 588 300 more,
627 265 729 292 eum
768 250 979 306 religione
1004 253 1259 306 coniuncta3
1289 256 1326 298 si

164 307 359 368 probitas
390 309 606 350 narrantis
636 307 975 363 significabitur,
1009 310 1046 351 si
1075 311 1325 365 antiquitas,

167 367 206 407 si
237 366 480 413 memoria,
528 366 564 407 si
594 365 807 406 orationis
836 365 1020 418 veritas,
1061 376 1101 408 et
1132 371 1246 408 vitae
1266 367 1326 409 fi-

167 424 253 465 des.
321 423 478 465 Suavis
514 430 662 464 autem
703 422 898 464 narratio
937 430 1021 474 est,
1055 438 1165 478 quae
1195 425 1326 467 habet

165 479 495 531 admirationes,
534 479 906 536 exspectationeS,
951 479 1095 521 exitus
1120 481 1325 537 inopina-

162 545 256 587 tos,
300 537 558 593 interposita
582 536 798 593 colloquia
827 551 1141 592 personarum,
1178 547 1324 580 motus

164 594 433 644 animorum,
459 598 474 617 ¹
497 593 690 641 dolores,
721 593 992 644 iracundias,
1023 601 1194 645 metus,
1228 595 1324 637 lae-

162 651 303 703 titias,
341 651 611 708 cupiditates.
680 650 764 692 Sed
800 651 889 693 iam
921 650 977 693 ad
1016 650 1187 708 reliqua
1214 666 1322 709 per-

160 721 330 764 gamus.

271 821 332 864 X.
364 823 418 862 F.
450 821 628 878 Nempe
659 836 707 863 ea
737 830 1002 878 sequuntur,
1031 836 1142 878 quae
1172 820 1226 864 ad
1252 819 1321 863 fa-

161 878 360 921 ciendam
380 876 512 920 fidem
530 879 767 935 pertinent.

243 935 299 977 P.
314 935 379 976 Ita
401 942 486 976 est:
529 950 641 990 quae
660 936 837 992 quidem
865 937 911 978 in
938 935 1317 978 confirmationem

159 1001 203 1034 et
229 992 277 1032 in
307 991 697 1048 reprehensionem
723 996 744 1016 2
784 993 1055 1035 dividuntur.
1128 993 1246 1034 Nam
1270 993 1318 1034 in

157 1048 473 1101 confirmando,
494 1057 642 1091 nostra
651 1050 840 1107 probare
849 1052 1069 1092 volumus:
1101 1049 1148 1091 in
1161 1064 1318 1106 repre-

155 1106 403 1158 hendendo,
433 1106 699 1164 redarguere
717 1107 948 1149 contraria.
987 1107 1216 1165 Quoniam
1237 1106 1315 1163 igi-

155 1171 231 1205 tur
252 1178 385 1204 omne
401 1192 411 1208 ‚
443 1165 561 1218 quod
579 1165 627 1205 in
649 1165 995 1206 controversiam
1016 1163 1151 1213 venit,
1185 1163 1227 1203 id
1239 1170 1314 1204 aut

156 1221 235 1267 sit,
277 1234 429 1267 necne,
452 1222 467 1247 ³
490 1227 568 1262 aut
588 1221 692 1276 quid
713 1222 768 1262 sit
783 1253 794 1272 ‚
825 1230 895 1263 aut
915 1221 1040 1276 quale
1061 1220 1118 1260 sit
1135 1220 1313 1275 quaeri-

155 1283 252 1317 tur:
283 1276 330 1317 in
358 1276 507 1331 primo
540 1277 791 1319 coniectura
818 1277 958 1328 valet,
988 1277 1035 1318 in
1061 1276 1200 1318 altero
1231 1276 1309 1318 de·

153 1331 322 1384 finitio,
352 1336 400 1373 in
430 1336 559 1375 tertio
589 1333 714 1379 ratio.
1270 1344 1289 1353 “

235 1388 291 1431 F.
344 1387 497 1431 Teneo
541 1390 671 1432 istam
732 1389 1099 1433 distributionem.
1175 1390 1308 1433 Nunc

150 1446 426 1488 coniecturae
456 1448 572 1488 locos
604 1462 783 1501 quaem.

230 1502 289 1544 P.
320 1502 371 1543 ln
400 1504 741 1554 verisimilibus,
780 1512 823 1546 et
853 1503 899 1545 in
931 1503 1124 1560 propriis
1154 1518 1306 1546 rerum

147 1559 262 1602 notis
289 1559 433 1616 posita
461 1568 525 1601 est
553 1568 655 1602 tota.
715 1561 798 1602 Sed
840 1561 1112 1618 appellemus
1140 1559 1306 1602 docen-

148 1616 192 1657 di
225 1617 365 1672 gratia
394 1617 648 1669 verisimile,
679 1617 793 1673 quod
825 1618 1086 1673 plerumque
1115 1616 1176 1658 ita
1204 1616 1302 1660 fiat:
1352 1664 1354 1667 f

145 1680 222 1724 ut,
265 1673 602 1716 adolescentiam
633 1675 949 1732 procliviorem
988 1688 1082 1714 esse
1112 1674 1164 1714 ad
1195 1674 1303 1716 libi-

143 1728 308 1773 dinem.
365 1731 578 1788 Propriae
624 1739 771 1773 autem
810 1739 940 1773 notae
977 1738 1302 1787 argumentum,

142 1787 261 1840 quod
282 1802 523 1843 numquam
545 1789 671 1831 aliter
701 1787 776 1839 fit,
813 1797 1068 1844 certumque
1098 1788 1300 1839 declarat,

139 1850 189 1883 ut
218 1843 365 1885 fumus
396 1846 556 1902 ignem.
617 1845 664 1889 V
666 1845 891 1888 erisimilia
929 1844 1212 1902 reperiuntur
1241 1859 1299 1887 ex

186 2024 229 2068 ι)
255 2025 315 2058 Sic
346 2026 444 2060 edidi
467 2040 534 2073 pro
555 2030 655 2075 vulg.
696 2032 923 2073 interpositos
949 2038 1062 2064 motus
1089 2031 1293 2069 animorum,

227 2071 650 2149 :gigloquiapersonarutm
698 2079 744 2123 cs.
772 2077 926 2124 Quintil.
951 2079 1047 2111 Inst.
1070 2078 1170 2109 Orat.
1181 2077 1293 2115 IV.2,

177 2179 219 2224 2)
258 2184 317 2215 Sic
336 2184 457 2232 Guelf.
480 2188 611 2227 Victor.
632 2191 754 2224 Recte.
789 2175 904 2236 P‘uigo
923 2197 957 2224 et
975 2188 1290 2234 reprehensionem-

175 2247 215 2290 3)
245 2249 360 2296 Vulgo
385 2264 494 2286 necne
513 2254 567 2287 sit.
1253 2249 1257 2251 ”
