1394 2503
181 186 230 232 74
524 181 774 218 CICERONIS
805 183 992 219 BRUTUS

174 272 261 312 ret,
302 262 401 306 satis
436 275 594 319 magna
635 263 825 313 ‹liceret3
864 278 1035 305 summa
1077 264 1250 307 libertas
1285 265 1335 308 in

176 322 400 370 oratioue,
438 323 601 362 multae
633 318 838 368 facetiae3
881 322 981 361 satis
1007 321 1160 363 creber
1187 322 1231 363 in
1260 336 1333 362 re-

175 379 432 437 periendis,
486 378 651 418 solutus
689 378 734 417 iu
777 376 1044 432 explicandis
1083 378 1332 428 sententiis;

176 444 270 478 erat
297 436 425 476 etiam
459 434 678 489 inprimis,
711 434 1156 489 uttmnporibmissis,
1185 435 1331 477 Grae-

177 492 240 535 cis
261 491 469 533 doctrinis
488 491 732 536 institutus,
762 490 805 531 in
836 491 1082 532 altercando
1112 505 1209 531 cum
1243 490 1329 532 ali·-

176 564 263 606 quo
294 547 443 589 aculeo
473 555 517 589 et
544 546 771 588 maledicto
801 545 980 590 facetus.
1044 548 1218 589 Horum
1249 562 1328 588 ae-

175 606 256 649 tati
287 619 429 661 prope
460 603 714 645 coniunctus
733 604 785 647 L.
809 603 977 645 Gellius
995 617 1081 644 non
1101 611 1191 644 tam
1213 619 1328 647 ven-

175 663 317 705 dibilis
349 667 518 710 orator,
557 675 689 715 quam
717 668 766 700 ut
795 661 1003 710 nescires,
1040 661 1143 715 quid
1174 661 1212 701 ei
1245 660 1329 701 de-

175 726 301 761 esset.
349 719 444 758 Nec
474 718 590 759 enim
620 722 713 757 erat
742 716 957 767 indoctus,
988 732 1068 758 nec
1095 717 1240 758 tardus
1271 715 1327 759 ad

173 774 538 831 excogitandum„
595 788 677 814 nec
713 773 1012 815 Romanarum
1050 788 1202 814 rerum
1239 773 1328 814 im-

173 846 371 886 memor,
410 839 452 872 et.
482 830 625 872 verbis
655 831 823 871 solutus
861 830 983 879 satis;
1025 829 1096 870 sed
1138 830 1185 870 in
1225 843 1327 871 ma-

172 887 282 945 g'nos
311 895 504 928 oratores
532 885 743 928 inciderat
765 888 855 928 eius
878 894 1014 935 aetas3
1044 886 1226 928 multam
1254 894 1327 927 ta-

171 959 278 990 men
307 959 486 1003 operam
513 942 686 992 amicis,
729 950 772 984 et
799 943 953 985 utilem
984 943 1207 999 praebuit3
1254 950 1322 984 at·-

173 1017 260 1058 que
289 1004 347 1042 ita
380 1001 454 1041 diu
484 1001 622 1050 vixit,
653 1007 701 1040 ut
731 1000 970 1040 multarum
999 1007 1187 1057 aetatum
1217 1013 1324 1040 ora-

171 1058 340 1101 toribus
369 1057 687 1114 implicaretur‚
726 1057 919 1098 multum
948 1056 1078 1097 etiam
1107 1057 1165 1097 in'
1183 1056 1323 1097 causis

171 1123 439 1158 versaretur.
503 1114 664 1155 Iisdem
692 1111 785 1153 fere
815 1113 1088 1169 temporibus
1114 1113 1170 1153 D.
1202 1113 1323 1155 Bru·

171 1180 267 1221 tus,
296 1171 360 1222 is,
387 1171 461 1226 qui
493 1171 643 1211 consul
673 1184 773 1210 cum
798 1169 1021 1211 Mamerco
1052 1168 1156 1218 fuit,
1185 1168 1322 1210 homo

173 1237 217 1270 et
246 1227 428 1269 Graecis
459 1226 605 1268 doctus
639 1226 772 1267 literis
802 1233 843 1266 et
873 1225 1054 1266 Latinis.
1136 1225 1320 1266 Dicebat

171 1285 304 1327 etiam
328 1285 380 1326 L.
394 1284 539 1340 Scipio
564 1297 650 1324 non
671 1283 885 1337 imperite,
908 1281 1163 1336 Gnaeusque
1180 1282 1321 1323 Pom-

206 1342 296 1383 eius
317 1372 328 1393 ‚
371 1342 474 1384 Sex.
502 1341 551 1382 F.
589 1339 779 1393 aliquem
815 1353 1051 1379 numerum
1089 1338 1319 1380 obtineBat.

169 1356 292 1442 {Tam
327 1397 426 1438 Sex.
459 1395 593 1437 frater
624 1396 714 1437 eius
742 1394 1164 1450 praestantissimum
1192 1395 1320 1451 inge-

170 1455 298 1498 nium
331 1454 573 1496 contulerat
611 1452 663 1493 ad
693 1467 909 1493 summam
944 1452 1053 1492 iuris
1084 1451 1246 1504 civilis,
1277 1458 1324 1493 ot

172 1513 226 1553 ad
256 1511 492 1568 perfectam
521 1510 781 1565 geometriae
818 1516 861 1550 et
895 1523 1044 1549 rerum
1075 1508 1318 1549 Stoicarum

172 1568 411 1610 scientiam.
442 1568 552 1608 Item
582 1566 628 1608 in
657 1565 772 1615 iure,
806 1573 849 1606 et
877 1573 976 1605 ante
1003 1565 1084 1606 hos
1112 1564 1176 1607 M.
1197 1564 1317 1606 Bru—

169 1633 268 1675 tus,
308 1633 350 1665 et
387 1623 537 1680 paullo
574 1630 674 1678 post
710 1637 813 1664 eum
846 1622 894 1664 C.
928 1621 1145 1669 Bilimus,
1183 1620 1316 1662 homo

169 1697 252 1738 per
264 1697 309 1723 se
322 1695 535 1735 magnus,
563 1679 693 1721 simili
723 1678 889 1720 ratione
916 1692 1053 1734 prope
1072 1681 1086 1700 ¹
1120 1690 1318 1719 summus

171 1745 391 1788 evaserat}
416 1739 489 1792 qui
521 1735 668 1777 consul
697 1734 835 1777 factus
864 1742 995 1783 esset,
1026 1733 1108 1775 nisi
1136 1733 1182 1775 in
1213 1733 1318 1774 Ma-

169 1795 321 1837 rianos
352 1794 620 1835 consulatus.
662 1799 704 1833 et
739 1792 785 1832 in
823 1805 892 1832 eas
933 1790 1147 1846 petitionis
1176 1803 1318 1844 angu-

172 1851 276 1893 stias
310 1851 541 1892 incidisset.
583 1850 660 1893 Cn.
689 1856 834 1889 autem
858 1847 1028 1903 Octavii
1058 1845 1319 1902 eloquentia,

172 1922 284 1963 quae
313 1907 457 1948 fuerat
486 1913 585 1946 ante
615 1905 885 1946 consulatum
908 1904 1126 1959 ignorata,
1154 1904 1199 1945 in
1210 1917 1320 1944 con-

169 1964 314 2005 sulatu
342 1963 489 2004 multis
520 1961 798 2003 concionibus
827 1969 889 2002 est
916 1960 1197 2002 vehementer
1210 1972 1319 2015 pro-

170 2021 286 2062 bata.
342 2021 424 2062 Sed
463 2019 517 2061 ab
547 2019 633 2071 eis,
673 2018 749 2074 qui
781 2025 953 2060 tantum
991 2017 1041 2059 in
1075 2015 1317 2059 dicentium

163 2231 167 2234 -
223 2209 259 2252 ι)
284 2210 343 2242 Sic
376 2209 583 2251 transposui
612 2206 738 2247 verba,
776 2218 867 2252 quae
892 2205 1000 2252 vulgo
1026 2204 1077 2241 sic
1098 2204 1316 2251 procedunt>

175 2265 283 2303 prope
301 2255 403 2287 simili
422 2257 556 2289 ratione
576 2266 726 2288 summus
744 2260 925 2297 evaserat-¹
