1394 2503
213 187 538 226 PARTITIONES
567 188 860 224 ORATORIAE.
906 188 1009 225 CAP.
1038 189 1071 224 8.
1100 201 1133 236 9.
1181 190 1248 226 523

82 282 158 317 aut
205 269 522 327 interpellatio,
576 276 650 310 aut
703 269 755 309 ab
793 269 1042 310 adversario
1079 269 1246 313 dictum

56 329 273 386 aliquod,
306 335 349 368 et
381 327 574 368 maxime
602 326 647 366 in
666 325 938 382 perorando,
969 326 1244 369 occasionem

46 398 49 399 ’
81 386 250 431 dederit
292 384 439 434 nobis,
482 387 495 405 ¹
536 391 582 423 ut
624 384 817 425 <neamus
847 382 1012 438 aliquid
1040 384 1093 424 ad
1121 391 1243 425 tem-

79 460 164 504 pus
193 449 308 499 apte,
340 456 394 481 ne
423 440 802 495 derelinquamus:
834 447 889 492 et,
920 454 1031 495 quae
1059 456 1138 482 suo
1168 441 1242 482 lo-

83 517 136 544 co
177 501 231 542 de
265 496 603 555 amplificatione
645 496 864 547 dicemus,
902 496 1039 537 multa
1077 513 1134 538 ex
1172 497 1242 540 his

82 565 293 615 poterunt
343 554 394 595 ad
440 554 764 611 principiorum
805 560 1039 611 praecepta
1092 561 1240 597 trans-

81 614 203 659 ferri.

191 729 274 771 IX.
306 729 358 769 F.
388 726 538 782 Quid?
568 726 616 768 in
653 725 901 768 narratione
929 740 1040 783 quae
1060 724 1243 769 tandem

83 784 387 831 conservanda
428 784 556 825 sunt?

169 843 225 885 P.
259 840 483 895 Quoniam
517 840 709 882 narratio
747 848 811 881 est
846 854 995 881 rerum
1044 839 1244 897 explica-

80 899 170 947 tio,
200 906 243 939 et
273 897 486 953 quaedam
517 898 641 952 quasi
670 897 793 939 sedes
824 912 873 938 ac
901 896 1243 939 fundamentum

82 956 407 998 constituendae
444 953 569 999 fidei,
616 970 667 996 ea
715 961 817 995 sunt
859 954 907 994 in
944 969 993 996 ea
1029 955 1243 996 servanda

83 1013 303 1061 maxime,
346 1026 456 1066 quae
491 1011 623 1052 etiam
659 1010 705 1051 in
736 1011 915 1066 reliquis
945 1010 1039 1052 fere
1070 1009 1243 1052 dicendi

82 1069 305 1128 partibus:
337 1082 447 1123 quae
476 1070 636 1123 partim
660 1076 760 1108 sunt
789 1068 1046 1119 necessaria,
1077 1068 1241 1122 partim

81 1134 306 1180 assumpta
334 1127 354 1147 2
385 1124 436 1164 ad
470 1125 733 1166 ornandum.
822 1126 941 1166 Nam
972 1132 1020 1165 ut
1050 1124 1242 1166 dilucide

82 1183 453 1242 probabiliterque
504 1197 756 1233 narremus,
807 1182 1099 1224 necessarium
1153 1188 1242 1223 est:

84 1239 160 1281 sed
198 1252 469 1279 assumamus
513 1242 527 1266 3
589 1239 721 1279 etiam
761 1239 1033 1281 suavitatem.
1121 1238 1241 1292 Ergo

85 1297 139 1338 ad
183 1295 371 1336 dilucide
400 1296 672 1336 narrandum
711 1296 864 1337 eadem
902 1296 978 1338 illa
1012 1296 1244 1352 superiora

86 1352 338 1410 explicandi
369 1361 405 1392 et
444 1352 690 1394 illustrandi
719 1361 950 1409 praecepta
977 1360 1242 1409 repetemUS,

84 1410 132 1453 in
172 1409 328 1464 quibus
368 1417 429 1449 est
467 1409 681 1450 brevitas:
730 1424 869 1465 eaque
909 1409 1161 1465 saepissime
1196 1409 1244 1451 in

87 1465 339 1507 narratione
371 1465 588 1513 laudatur,
623 1465 676 1506 de
703 1481 785 1519 qua
817 1481 950 1522 supra
972 1466 1136 1508 dictum
1165 1475 1243 1507 est.

86 1521 333 1566 Probabilis
364 1529 509 1563 autem
541 1521 650 1573 erit,
679 1523 712 1564 si
742 1523 972 1578 personis,
1005 1523 1042 1562 si
1069 1530 1244 1579 tempo-

87 1580 234 1629 ribus,
266 1579 301 1618 si
330 1579 438 1619 locis
470 1593 541 1627 ea,
573 1593 682 1633 quae
710 1578 1027 1629 narrabuntur,
1059 1594 1244 1620 consen-

89 1636 226 1686 tient,
257 1635 293 1675 si
324 1635 536 1691 cuiusque
564 1634 669 1677 facti
697 1643 740 1676 et
770 1636 915 1678 eventi
944 1650 1074 1677 causa
1101 1650 1244 1693 pone-

89 1701 187 1744 tur,
239 1693 274 1732 si
303 1699 456 1745 testata
482 1692 503 1716 ⁴
534 1691 616 1734 dici
649 1692 938 1743 videbuntur,
966 1693 1002 1736 si
1036 1708 1137 1734 cum
1167 1692 1245 1733 ho-

90 1750 265 1790 minum
305 1748 533 1804 opinione,
581 1750 650 1791 vel
679 1750 956 1803 auctoritate,
1010 1752 1027 1778 ⁵
1077 1750 1243 1805 sicum

139 1917 183 1962 ι)
220 1917 334 1962 Vulgo
361 1917 499 1950 dederit
524 1918 740 1952 occasionem
772 1919 871 1953 nobis
897 1919 1055 1965 aliquam.
1101 1923 1147 1954 In
1177 1922 1247 1954 ms.

183 1963 262 1996 Erl.
284 1969 380 1996 recte
407 1963 586 1995 omittitur
608 1965 768 2008 aliquam.

136 2031 173 2073 2)
199 2030 318 2075 Guelf.
344 2035 466 2062 sumta.

141 2096 180 2139 5)
204 2098 268 2128 Ita
286 2098 355 2129 Ms.
373 2094 450 2128 ΕΓΖ.
467 2095 581 2142 Vulgo
602 2097 813 2130 assumimus.

137 2162 181 2205 4)
205 2165 276 2195 Ms.
295 2161 376 2194 ΕΓΖ.
397 2168 530 2208 testate,

137 2228 180 2271 5)
209 2227 387 2304 bPrae-fixi
404 2228 646 2273 partisulam,
683 2241 775 2275 quae
827 2230 884 2263 hic
902 2229 1046 2276 'parum
1079 2229 1257 2264 cornmude

183 2283 205 2305 α
231 2279 294 2306 cst.
