1394 2503
229 132 552 170 PARTITIONES
575 130 872 177 ORATORmE.
918 132 1021 169 cAP.
1045 143 1103 169 aa·
1130 134 1184 168 23.
1230 132 1298 167 545

98 223 188 260 tem
222 214 438 257 erantiam
452 212 704 256 immanitas
729 213 779 255 in
794 211 1097 269 voluptatibus
1130 227 1287 270 asper·

94 286 184 317 nan
217 272 270 322 is,
327 280 370 313 et
406 271 755 328 magnitudinem
820 270 955 312 animi
997 270 1204 327 superbia
1239 271 1287 314 in

96 328 384 381 extollendis,
439 332 453 351 ¹
500 327 779 385 despicientia
844 327 892 369 in
950 328 1285 371 contemnendis

95 385 367 438 honoribus,
406 393 449 427 et
475 385 783 427 liberalitatem
813 383 982 435 effusio,
1020 393 1062 426 et
1102 385 1284 429 soi-titu-

97 444 252 487 dinem
281 442 460 484 audacia
489 443 710 493 imitatur,
762 449 804 484 et
831 442 1088 501 patientiam
1120 442 1283 495 duritia

98 500 331 550 immanis,
373 507 417 542 et
442 499 656 542 iustitiam
684 499 920 551 acerbitas,
950 509 992 542 et
1020 500 1282 556 religionem

104 557 385 616 superstitio,
439 564 483 598 et
531 557 758 600 lenitatem
801 557 987 599 mollitia
1026 557 1186 608 animi,
1236 566 1279 600 et

97 614 408 658 verecundiam
454 614 690 662 timiditas,
755 621 800 656 et
856 615 981 656 illam
1020 613 1086 656 dis
1122 614 1278 657 utandi

96 670 386 730 prudentiam
417 671 682 714 concertatio
705 672 984 730 captatioque
1019 630 1276 722 verborum,

97 736 142 772 et
151 729 263 771 hanc
274 728 516 772 oratoriam
527 729 617 771 vim
630 729 771 771 inanis
783 729 995 785 quaedam
1005 726 1211 784 profluet]
1217 729 1277 774 tin

96 784 326 843 loquendi.
384 785 546 828 Studiis
576 796 723 828 autem
763 785 887 828 bonis
915 785 1082 828 similia
1109 786 1277 830 viden-

94 852 172 887 tur
202 858 281 896 ea,
309 857 423 899 quae
453 851 556 885 sunt
582 844 632 886 in
661 842 820 888 eodem
848 857 1011 900 genero
1041 842 1202 887 nimia.

216 951 383 1001 XXIII.
447 957 752 1015 Quamobrem
784 956 930 1002 omnis
962 956 1028 999 vis
1056 954 1271 1001 laudandi

99 1013 471 1070 vituperandique
511 1030 570 1056 ex
606 1016 676 1058 his
706 1021 909 1056 sumetur
944 1013 1161 1057 virtutum
1195 1013 1272 1058 vi-

101 1071 354 1126 tiorumque
391 1072 611 1127 partibus:
659 1072 735 1114 sed
774 1071 821 1113 in
862 1077 954 1113 toto
991 1070 1117 1127 quasi
1155 1085 1271 1113 con-

99 1136 227 1170 textu
269 1127 477 1170 orationis
521 1128 629 1172 haec
667 1137 802 1171 erunt
828 1128 1089 1171 illustranda
1116 1128 1270 1172 maxi·

99 1198 196 1229 me:
227 1184 604 1240 quemadmodum
625 1186 808 1242 quisque
828 1192 1076 1241 generatus,
1106 1199 1269 1242 quem·

101 1240 342 1285 admodum
374 1243 608 1295 educatus,
639 1241 1013 1299 quemadmodum
1041 1242 1268 1286 institutus

100 1306 385 1354 moratusque
414 1298 578 1351 suerit3
620 1309 690 1349 et,
727 1300 764 1342 si
805 1299 910 1356 quid
948 1299 1018 1342 cui
1048 1313 1266 1357 maguum

100 1362 178 1398 aut
216 1355 492 1411 incredibile⁸
518 1356 753 1402 acciderit,
817 1358 1105 1414 maximeque
1142 1356 1179 1398 si
1214 1355 1263 1400 id

101 1410 313 1455 divinitus
343 1412 548 1456 accidisse
576 1413 769 1469 potuerit
797 1413 964 1464 videri3
1001 1421 1098 1460 tum
1141 1412 1263 1469 quod

101 1468 289 1526 quisque
305 1469 515 1517 senserit,
545 1470 719 1522 dixerit,
742 1470 940 1525 gesserit,
971 1470 1025 1511 ad
1054 1485 1119 1519 ea,
1149 1484 1265 1525 quae

97 1525 327 1584 proposita
365 1534 496 1573 sunt,
545 1527 760 1569 virtutum
803 1542 967 1583 genera
1003 1541 1263 1571 accommo-

98 1583 345 1633 dabuntur,
385 1598 441 1624 ex
474 1583 645 1640 illisque
682 1584 840 1626 iisdem
868 1582 1123 1626 inveniendi
1151 1583 1266 1627 locis

98 1654 255 1682 causae
303 1655 476 1690 rerum,
533 1648 575 1682 et
611 1649 821 1693 eventus,
861 1648 905 1683 et
942 1640 1263 1698 consequentia

99 1696 397 1751 requirentur.
454 1697 613 1754 Neque
639 1713 748 1740 vero
777 1713 899 1740 mors
929 1712 1112 1749 eorum,
1143 1712 1262 1753 quo-

98 1767 202 1794 rum
232 1753 322 1794 vita
349 1752 621 1806 laudabitur,
657 1754 829 1798 silentio
863 1754 1096 1812 praeteriri
1124 1754 1261 1798 debe-

99 1808 183 1855 bit,
215 1808 250 1850 si
280 1810 412 1852 modo
441 1811 545 1867 quid
574 1812 660 1854 erit
686 1811 1154 1863 animadvertendum,
1183 1819 1261 1855 aut

96 1867 146 1908 in
175 1866 270 1923 ipso
299 1881 459 1921 genere
487 1869 670 1919 mortis,
700 1876 778 1910 aut
805 1871 852 1912 in
872 1869 926 1912 iis
953 1868 1115 1922 rebus,
1146 1883 1261 1926 quae

94 1930 197 1979 post
224 1930 417 1965 mortem
446 1933 577 1968 erunt
604 1933 875 1970 consecutae.

145 2046 182 2090 ι)
211 2044 325 2087 Vulgo
342 2045 378 2077 in
396 2045 516 2079 animis
531 2045 751 2080 extollendis.
783 2045 984 2079 Lambinus
1001 2046 1116 2079 edidit
1130 2057 1259 2091 super-

96 2089 151 2124 bia
180 2092 216 2123 iu
239 2091 360 2123 animis
390 2092 599 2124 extollendis
627 2099 662 2125 et
692 2103 792 2125 verae
818 2093 951 2134 gloriae
973 2093 1155 2136 laudisque
1181 2098 1258 2126 stu-

98 2135 194 2169 dium
217 2137 443 2180 despicientia
466 2138 503 2170 in
532 2138 796 2171 contemnendis
820 2137 1023 2171 honoribus.
1095 2140 1257 2171 Ceterum

96 2188 174 2234 {ota
192 2181 280 2215 haec
296 2182 399 2226 ⁴}choe
416 2190 452 2217 et
465 2184 990 2229 magnitudinem—honoribus
1010 2184 1109 2218 haud
1120 2184 1190 2226 §cio
1209 2195 1258 2216 an

98 2228 256 2261 msititia
273 2230 332 2262 sic.
