1394 2503
150 143 217 180 556
607 140 862 177 CICERONIS

154 221 473 267 troversiarum
510 235 672 278 genera
715 221 934 277 versaris«)
975 220 1052 264 sed
1090 221 1198 265 haec
1227 219 1315 264 duo

158 290 260 323 sunt
313 281 352 321 ei
392 280 559 336 prima,
599 293 727 320 causa
764 287 808 319 et
845 286 1040 321 eventus.
1126 280 1338 326 Causam*

160 337 355 396 appella),
414 337 632 378 rationem
681 334 929 386 efficiendi3
980 343 1209 388 eventum,
1253 333 1315 386 id,

160 394 279 452 quod
311 400 376 434 est
407 392 624 436 effectum.
681 391 829 448 Atque
867 394 962 450 ipsa
993 393 1176 448 quidem
1207 407 1315 447 par-

159 452 260 494 titio
302 465 531 492 causarum
574 449 721 506 paullo
761 457 863 491 ante
895 451 942 491 in
972 450 1184 492 suasionis
1209 448 1315 490 locis

163 508 397 551 distributa
426 515 502 549 est.
542 507 669 564 Quae
700 507 820 548 enim
848 508 894 549 in
926 506 1107 548 consilio
1138 506 1318 563 capien-

163 566 218 608 do
249 564 388 607 futuri
428 565 637 619 temporis
670 564 1073 621 praecipiebantur,
1105 561 1319 619 quamob-

161 637 256 666 rem
304 628 379 662 aut
414 622 644 662 11t21itaten1
686 622 942 664 viderentur
973 620 1200 672 habitura,
1243 625 1319 659 aut

162 677 383 722 efficiendi
431 677 681 720 facultatem
699 709 709 728 ,
761 679 937 727 eadem,
987 677 1062 733 qui
1112 677 1166 718 de
1204 674 1319 717 facto

163 735 565 794 argumeniabitur‚
606 734 812 790 colligere
854 734 1052 786 debebit,
1104 731 1323 791 quamob-

160 808 258 837 rem
289 801 333 834 et
361 792 484 834 utilia
511 792 600 843 illi,
632 806 769 846 quem
797 800 972 848 arguet,
1009 789 1167 841 fuisse,
1198 797 1240 831 et
1269 789 1323 831 ab

163 867 211 894 eo
243 847 356 890 effici
388 849 582 905 potuisse
621 849 904 892 demonstret.
961 847 1174 892 Utilitatis
1211 860 1322 889 con-

160 909 328 953 iectura
361 913 586 955 movetur,
617 906 654 947 si
682 907 814 958 illud,
843 904 958 962 quod
989 905 1214 961 arguitur,
1249 913 1323 947 aut

161 979 239 1022 spe
252 965 487 1012 bonorum,
507 969 583 1004 aut
600 963 821 1006 malorum
843 973 962 1006 metu
976 962 1131 1005 fecisse
1149 959 1328 1005 dicitur:

162 1020 278 1078 quod
290 1034 340 1060 eo
353 1019 404 1060 fit
418 1023 431 1043 ¹
444 1021 587 1061 aerius
599 1053 610 1072 ‚
620 1035 709 1075 quo
719 1021 792 1062 illa
803 1022 847 1063 in
858 1029 1048 1076 utroque
1057 1035 1218 1076 genere
1230 1033 1328 1062 ma-

161 1080 255 1122 iora
277 1084 517 1133 ponuntur.
575 1077 780 1134 Spectant
804 1081 825 1102 2
847 1078 982 1120 etiam
1003 1077 1055 1118 ad
1068 1079 1326 1122 causamfa-

161 1135 233 1185 cti,
265 1143 410 1177 motus
441 1134 704 1187 animorum,
734 1135 770 1177 si
799 1134 867 1176 ira
897 1149 1075 1185 reeens,
1105 1134 1138 1176 si
1170 1137 1324 1180 odium

160 1200 309 1244 vetus,
347 1192 382 1232 si
421 1190 662 1234 ulciscendi
699 1192 918 1244 studium,
957 1191 991 1233 si
1021 1189 1209 1235 iniuriae
1239 1192 1321 1234 do-

160 1251 253 1299 lor3
284 1249 321 1289 si
349 1248 555 1300 honoris,
584 1249 619 1290 si
647 1249 837 1304 gloriae,
876 1249 912 1290 si
940 1246 1141 1303 imperii,
1173 1249 1209 1291 si
1237 1264 1322 1307 pe-

161 1306 319 1349 cuniae
367 1305 604 1362 cupiditas;
653 1305 690 1346 si
726 1305 910 1362 periculi
960 1305 1120 1356 timor,
1169 1306 1206 1348 si
1247 1313 1324 1349 aes

163 1361 383 1412 alienum,
423 1363 459 1404 si
498 1362 724 1417 angustiae
767 1362 831 1404 rei
874 1361 1100 1403 familiaris
1112 1376 1125 1411 3
1169 1363 1207 1405 si
1239 1377 1323 1404 au-

161 1420 272 1472 dax,
302 1420 338 1461 si
367 1419 498 1470 levis,
530 1420 565 1460 si
595 1419 809 1468 crudelis,
838 1420 873 1461 si
902 1420 1146 1474 impotens„
1184 1418 1219 1460 si
1242 1417 1323 1462 in-

161 1483 342 1527 cautus,
372 1476 410 1518 si
438 1475 680 1532 insipiens,
711 1476 747 1516 si
775 1491 952 1525 amans,
986 1479 1000 1504 ³
1034 1473 1070 1515 si
1101 1484 1323 1517 commota

160 1540 335 1585 mente,
374 1532 410 1574 si
444 1533 691 1583 violentus,
734 1537 755 1561 4
783 1533 819 1574 si
851 1549 952 1575 cum
981 1546 1059 1588 spe
1089 1530 1319 1584 efficiendi,

161 1592 200 1634 si
242 1604 344 1631 cum
372 1590 582 1645 opinione
620 1589 808 1632 celandi:
854 1598 950 1642 aut,
991 1588 1026 1629 si
1055 1586 1321 1643 patefactum

161 1655 299 1694 esset,
352 1646 594 1702 depellendi
633 1647 849 1698 criminis,
890 1649 957 1689 vel
998 1643 1324 1702 perrumpendi

158 1703 377 1762 periculi,
409 1705 478 1744 vel
510 1704 551 1745 in
586 1705 876 1759 longinquum
905 1711 1079 1762 tempus
1109 1701 1325 1744 differen-

160 1761 229 1803 di:
267 1768 341 1801 aut
379 1761 414 1801 si
455 1759 605 1820 iudicji
646 1776 786 1818 poena
833 1761 999 1814 levior,
1049 1772 1185 1815 quam
1215 1757 1322 1802 facti

205 1934 237 1978 ι)
262 1936 325 1966 Ita
343 1933 512 1968 Lambin.
564 1932 682 1978 Vulgo
700 1935 793 1978 quod
811 1935 861 1970 fit.

200 2006 240 2047 2)
263 2008 327 2038 Ita
349 2004 516 2046 rescripsi
541 2015 604 2047 pro
638 2000 733 2046 vulg.
761 2009 978 2053 speetantur,
1007 2005 1101 2048 quod
1132 2006 1202 2038 etsi
1230 2017 1322 2051 quo-

152 2051 341 2084 dammodo
383 2050 556 2093 explicari
586 2054 718 2092 polest,
759 2053 880 2090 aptaus
915 2056 1037 2083 tamen
1061 2057 1116 2085 ost
1150 2059 1334 2097 spectant,-

152 2098 247 2143 quod
256 2098 420 2130 Ernestio
441 2107 574 2141 quoque
588 2092 767 2138 placebat.

196 2168 238 2210 5)
266 2164 385 2208 Guelf.
409 2169 443 2196 et
460 2161 529 2195 Ed.
553 2162 640 2195 Van.
661 2161 690 2194 ei
708 2170 837 2193 amens.

193 2232 229 2276 4)
256 2232 314 2265 Sic
332 2231 387 2264 ed.
413 2224 554 2262 Omnib.
573 2224 665 2260 Kob.
715 2224 832 2270 Vulgo
855 2226 1067 2261 vinolentus.
