1394 2503
399 127 591 164 TOPICA‚
639 128 742 162 CAP.
774 137 825 163 11.
853 141 903 164 η.
1168 130 1231 164 281

75 210 162 252 hoe
189 223 349 265 genere
378 206 626 249 oratoribus
658 208 723 259 [et
751 205 1046 263 philosophis]
1068 210 1084 231 ¹
1123 221 1234 250 con·—

75 281 247 310 cessum
265 274 353 313 est,
381 272 433 306 ut
458 273 580 306 muta
601 262 732 305 etiam
752 263 1011 318 loquantur,
1042 272 1091 306 ut
1107 279 1236 306 mor-—

70 325 142 380 tui
169 324 224 365 ab
258 322 412 365 inferis
455 321 748 372 excitentur„
769 328 844 361 aut
879 321 1066 376 aliquid,
1117 322 1237 378 quod

73 380 172 423 fieri
202 379 324 422 nullo
352 378 486 422 modo
514 378 674 434 possit,
723 378 948 433 augendae
987 379 1052 421 rei
1083 380 1237 434 gratia,

74 437 267 486 dicatur,
317 445 391 478 aut
419 433 708 483 minuendae,
734 449 862 490 ⁴quae
891 435 1135 492 hyperbole
1167 435 1239 477 di-

75 495 214 543 citur,
246 497 320 548 [et
346 493 483 534 multa
513 490 732 535 mirabilia
761 491 876 546 alia.]
899 494 920 514 2
988 493 1074 534 Sed
1111 493 1239 534 latior

76 560 143 594 est
170 566 352 608 campus
380 550 574 593 illorum.
632 548 814 590 Eisdem
853 556 1001 591 tamen
1041 565 1098 590 ex
1137 551 1240 591 locis

75 611 148 659 (ut
176 615 277 649 ante
305 607 420 661 dixi)
458 615 499 649 et
527 607 572 648 in
602 605 832 657 maximis,
885 613 930 646 et
967 606 1016 648 in
1045 605 1239 648 minimis

76 665 404 722 quaestionibus
433 671 693 721 argumenta
730 662 965 706 ducuntur.

161 778 262 822 XII.
291 777 502 834 Sequitur
526 776 863 820 similitudinem
885 775 1147 835 dfferentia
1161 778 1246 831 rei,

77 838 277 879 maxime
305 836 524 877 contraria
548 834 793 891 superiori:
833 834 905 876 sed
937 843 1000 876 est
1029 836 1244 888 eiusdem,

78 893 293 936 dissimile
309 901 351 935 et
377 893 518 934 simile
538 891 754 933 invenire.
815 892 921 934 Eius
943 894 1116 947 generis
1137 893 1245 934 haec
1306 944 1310 945 ⁷

81 958 206 993 sunt:
279 950 444 1003 ,‚Non,
495 947 871 1004 quemadmodum
908 950 1022 1004 quod
1067 947 1247 991 mulieri

82 1007 262 1058 debeas,
302 1014 420 1049 recte
446 1005 534 1061 ipsi
562 1005 759 1055 mulieri,
803 1006 896 1047 sine
926 1013 1070 1047 tutore
1092 1014 1248 1047 aucto-

82 1078 156 1115 re,
177 1067 192 1093 ³
234 1063 404 1106 solvas:
458 1064 518 1104 ita
552 1062 666 1117 quod
704 1061 897 1119 pupille,
946 1070 1023 1103 aut
1052 1063 1248 1120 pupillae

85 1119 265 1172 debeas,
287 1125 310 1149 ⁴
362 1127 479 1162 recte
520 1119 659 1176 possis
700 1121 856 1160 eodem
896 1119 1028 1160 modo
1066 1123 1248 1162 solvere.

83 1176 306 1233 Deinceps
337 1179 459 1220 locus
487 1185 574 1225 est,
623 1175 694 1230 qui
726 1191 750 1216 a
779 1176 1002 1218 contrario
1032 1177 1207 1220 dic-itur.
1229 1178 1246 1205 ⁵

85 1235 425 1277 Contrariorum
452 1241 598 1275 autem
621 1247 783 1288 genera
805 1240 908 1274 sunt
929 1233 1078 1289 plura:
1109 1249 1251 1276 unum

86 1306 268 1344 eorum,
305 1306 417 1346 quae
446 1291 491 1332 in
518 1288 674 1331 eodem
701 1304 861 1345 genere
888 1290 1133 1346 plurimum
1164 1288 1252 1332 dif-

86 1347 263 1400 ferunt,
299 1357 350 1390 ut
379 1347 590 1402 sapientia
619 1354 662 1388 et
690 1347 889 1388 stultitia.
963 1347 1135 1389 Eodem
1167 1363 1251 1389 au-

87 1412 180 1446 tem
209 1420 373 1461 genere
402 1405 629 1455 dicuntur,
659 1402 816 1458 quibus
835 1405 1072 1460 propositis
1094 1420 1253 1447 occur-

88 1469 218 1511 runt,
248 1471 473 1517 tamquam
497 1475 519 1501 e
545 1460 747 1516 regione,
779 1462 994 1514 quaedam
1022 1462 1255 1512 contraria,

142 1625 179 1669 1)
204 1626 372 1661 Lambin.
392 1634 429 1661 et
446 1629 572 1673 poetis.
606 1629 731 1663 Verius
749 1633 814 1668 est,
836 1634 870 1661 et
879 1628 1098 1672 philosophis
1117 1641 1160 1661 ex
1179 1629 1253 1662 ini-

91 1671 144 1704 tio
162 1672 270 1705 huius
296 1674 428 1718 capitis
452 1674 497 1707 ab
526 1675 785 1720 interpolatore
806 1675 984 1707 adiectam
1012 1686 1096 1707 esse.

141 1749 184 1793 2)
213 1750 249 1783 V
244 1748 328 1782 erba
346 1757 383 1784 et
399 1753 505 1787 multa
522 1754 692 1787 mirabilia
712 1754 778 1787 alia
799 1754 960 1798 genuina
977 1762 1050 1785 non
1075 1753 1253 1787 videntur.

141 1826 177 1870 5)
201 1829 367 1863 Ernestio
390 1831 449 1865 vel
466 1839 608 1866 auctore
624 1831 682 1864 vel
699 1838 816 1865 tutore
829 1844 896 1876 pro
914 1830 1038 1876 glossa
1055 1839 1257 1876 suspectum

97 1879 188 1926 εἶτα.
232 1875 407 1908 Attamen
426 1879 537 1910 etiam
556 1877 596 1910 in
613 1883 706 1910 orat.
724 1889 793 1922 pro
817 1878 970 1910 Caecina
986 1877 1018 1913 'c.
1034 1879 1090 1911 25.
1123 1877 1257 1923 legitur

97 1930 173 1953 sine
193 1925 313 1953 tutore
333 1929 487 1956 auctore.

143 1997 185 2042 4)
209 2001 272 2032 Ita
291 2000 537 2043 corrigendum
555 2001 694 2034 censuit
723 2000 923 2037 Wetzelius
949 2000 1000 2034 ad
1015 2000 1052 2034 h.
1078 1999 1104 2036 l.
1141 2001 1258 2047 Vulgo

100 2044 196 2087 quod
213 2051 273 2078 aut
289 2046 440 2090 pupillae
459 2055 517 2080 aut
537 2049 673 2092 pupillo
689 2048 826 2081 debeas.

147 2119 185 2163 5)
212 2122 271 2154 Sic
287 2123 375 2155 Em.
394 2136 436 2155 ex
453 2123 532 2157 edd.
552 2130 638 2157 vett.
671 2122 787 2170 Vulgo
805 2123 957 2157 ducitur.
1003 2125 1114 2156 Recte
1143 2128 1262 2155 autem

103 2167 290 2200 Ernestius
310 2169 468 2209 monuit,
493 2182 563 2202 non
581 2170 697 2202 Iocum
717 2171 798 2203 duci
816 2182 839 2215 ᾳ
856 2169 1036 2202 contrario
1048 2195 1056 2210 ,
1081 2169 1142 2201 sed
1161 2181 1202 2200 ex
1225 2182 1263 2201 eo

103 2220 317 2257 argumenta
334 2215 412 2247 duci
425 2228 444 2248 a
461 2217 646 2255 contrario,
672 2217 786 2260 ipsum
803 2221 925 2248 autem
941 2214 1010 2247 dici
1030 2226 1053 2246 a
1072 2216 1265 2253 contrariu,
