1394 2503
161 157 225 189 iio
501 155 754 192 CICERONIS
778 151 969 195 BRUTUS

156 250 319 299 genere
346 236 612 289 verborum3
643 238 690 279 in
719 252 807 293 quo
833 237 920 281 fuit
941 240 1186 300 Aeschylus
1207 243 1316 286 Cni-

157 295 278 343 dum,
308 303 350 336 et
378 310 503 337 meus
533 297 725 350 aequalis
749 296 944 339 Milesius
974 301 1233 342 Aeschines.
1261 301 1313 342 In

155 352 210 393 iis
250 359 344 393 erat
381 352 653 394 admirabilis
691 352 898 395 orationis
938 370 1118 405 cursus,
1157 365 1312 399 ornata

155 410 473 451 sententiarum
502 412 769 452 concinnitas
792 426 882 452 non
906 420 1013 455 erat.
1071 414 1196 455 Haec
1225 430 1309 456 au-

155 475 246 508 tem
292 474 374 518 (ut
404 467 530 520 dixi)
575 483 736 525 genera
781 467 951 510 dicendi
998 472 1168 526 aptiora
1208 479 1310 512 sunt

155 524 527 575 adolescentibus3
557 526 604 568 in
634 525 806 567 senibus
825 526 1084 579 gravitatem
1106 542 1196 569 non
1225 527 1307 568 ha-

152 582 272 624 bent.
328 583 480 637 Itaque
508 582 785 635 Hortensius,
824 590 1009 638 utroque
1037 597 1196 638 genere
1226 583 1307 625 flo—

149 653 277 687 rens,
316 640 529 681 clamores
567 640 754 682 faciebat
789 639 1049 682 adolescens.
1105 640 1310 683 Habebat

152 698 271 738 enim
311 707 354 738 et
383 698 652 740 Meneclium
688 697 798 739 illud
830 699 1022 739 studium
1053 699 1307 739 crebrarum

150 763 525 811 venustarumque
562 755 904 804 sententiarum3
952 756 999 796 in
1037 755 1216 810 quibus,
1257 762 1305 796 ut

149 811 198 853 in
238 813 314 853 itto
354 813 550 863 Graeco,
597 813 659 854 sic
697 812 743 853 in
784 811 886 861 hoe,
925 820 1049 853 erant
1089 812 1304 866 quaedam

149 871 286 924 magis
324 876 535 911 venustae
580 869 812 922 dulcesque
852 869 1115 921 sententiae,
1168 882 1301 923 quam

148 935 222 967 aut
253 927 543 977 necessariae,
575 934 650 967 aut
678 926 901 967 interdum
931 926 1083 976 utiles3
1141 933 1184 967 et
1207 932 1302 966 erat

147 986 289 1024 oratio
326 998 465 1039 quum
503 984 683 1025 incitata
711 990 754 1023 et
792 983 997 1030 vibrans,
1034 991 1131 1024 tum
1171 982 1301 1024 etiam

147 1050 346 1082 accurata
385 1049 427 1083 et
465 1042 616 1097 polita.
673 1040 778 1081 Non
807 1039 1106 1096 probabantur
1136 1042 1151 1062 ¹
1193 1038 1303 1081 haec

147 1099 335 1139 senibus.
422 1099 560 1156 Saepe
596 1097 798 1141 videbam
836 1111 973 1152 quum
1010 1096 1298 1147 irridentem,

143 1163 241 1197 tum
282 1154 413 1204 ctiam
451 1157 708 1197 irascentem
737 1162 781 1195 et
808 1154 1156 1194 stomachantem
1185 1151 1297 1194 Phi-

142 1213 331 1269 lippum.
391 1213 475 1254 Sed
504 1212 778 1254 mirabantur
821 1210 1133 1261 adolescentes,
1176 1209 1296 1249 mul-

144 1269 287 1311 titudo
345 1269 618 1310 movebatur.
678 1268 815 1321 [Erat
863 1267 1082 1308 excellens
1133 1266 1295 1306 iudicio

143 1327 291 1379 vulgi,
332 1336 374 1368 et
403 1326 530 1368 facile
559 1324 726 1382 primas
758 1324 928 1365 tenebat
956 1323 1241 1373 adolescens]
1272 1324 1293 1344 ²

142 1384 239 1426 Etsi
269 1383 387 1424 enim
417 1397 551 1438 genus
580 1381 683 1423 ittnd
715 1380 884 1422 dicendi
918 1378 1184 1421 auctoritatis
1216 1378 1293 1419 ha—

140 1441 270 1482 bebat
301 1455 484 1497 parum,
519 1448 665 1481 tamen
706 1446 858 1494 aptum
890 1453 983 1479 esse
1012 1436 1139 1478 aetati
1168 1435 1292 1477 vidc-

139 1498 295 1548 batur3
334 1505 377 1538 et
411 1504 547 1544 certe,
587 1494 703 1551 quod
748 1495 911 1551 ingenii
950 1494 1166 1550 quaedam
1193 1492 1295 1536 for-.

139 1572 212 1599 ma
252 1555 444 1606 lucebat,
494 1551 802 1595 exercitatione
837 1551 1058 1609 perfecta,
1114 1557 1292 1604 eratque

137 1612 378 1656 verborum
433 1611 635 1652 adstricta
688 1608 1052 1664 comprehensio,
1088 1609 1103 1634 ³
1167 1619 1292 1648 sum-⁴

137 1685 259 1712 mam
287 1668 518 1711 hominum
554 1667 893 1709 admirationem
922 1664 1152 1706 excitabat.
1192 1662 1289 1713 Sed,

137 1742 276 1783 quum
311 1727 400 1768 iam
439 1725 650 1775 honores,
689 1735 731 1766 et
766 1722 841 1764 illa
879 1722 1026 1764 senior
1056 1721 1290 1762 auctoritas

139 1830 480 1847 -......-.---

185 1895 220 1937 ι)
244 1893 445 1936 probantur.
503 1889 561 1923 Sic
586 1894 620 1921 et
654 1888 720 1921 Gu.
749 1897 777 1920 ι.
800 1897 834 1919 2.
860 1891 899 1918 ut
922 1883 1040 1930 vulgo.
1063 1885 1174 1917 Recte
1195 1883 1284 1915 Ern.

131 1941 379 1985 probabantur.

180 2007 212 2050 2)
237 2005 345 2038 Uncis
376 2003 515 2036 inclusa
541 2000 759 2045 interpolata
783 1999 962 2031 videntur.

177 2071 218 2115 3)
259 2069 374 2114 Vulgo
407 2070 500 2113 quod
525 2077 559 2102 et
584 2067 713 2110 ingenii
746 2065 909 2109 quaedam
929 2064 1054 2096 forma
1074 2059 1227 2101 lucebat,
1250 2064 1283 2091 et

131 2117 378 2151 exercitatione
398 2115 548 2157 perfecta
571 2121 652 2150 erat,
676 2112 930 2153 verborumque
944 2109 1103 2140 adstricta
1122 2117 1283 2157 compre-

129 2163 264 2197 hensio.
297 2160 552 2194 Emendationi
577 2155 866 2200 nostrae-favent
890 2155 990 2187 codd.
1015 2151 1146 2196 Guelff.
1180 2153 1224 2183 In
1254 2161 1281 2181 1.

128 2217 163 2244 et
196 2222 226 2241 2.
253 2208 431 2241 onziissilur
464 2213 499 2238 et
529 2211 615 2238 ante
636 2203 786 2246 ingenii3
823 2201 861 2234 in
887 2213 918 2234 2.
944 2200 1075 2245 legitur
1101 2198 1282 2233 verborum

127 2262 268 2299 eratque
292 2252 464 2287 adstricta.
