1394 2503
152 760 1067 821 *SUMMARIUM

59 1099 217 1192 Quum
252 1135 407 1186 saepius
429 1135 570 1173 Cicero
605 1149 627 1172 a
658 1134 715 1172 M.
747 1134 873 1173 Bruto
911 1142 1069 1186 rogatus
1101 1132 1214 1182 esset.

115 1198 161 1230 ut
195 1192 308 1242 quale
349 1193 385 1229 ei
423 1193 629 1230 videretur
670 1191 922 1242 eloquentiae
959 1207 1104 1243 genus,
1146 1195 1214 1230 cui

112 1248 215 1287 nihil
244 1248 335 1286 addi
362 1257 520 1300 posset,
551 1255 794 1300 exponeret,
824 1248 901 1286 hoc
922 1250 1026 1288 libro
1041 1250 1082 1287 id
1103 1250 1214 1300 quod

111 1307 182 1344 ille
209 1313 414 1356 rogaverat
442 1307 692 1344 efficiendum
722 1307 915 1357 suscepit,
960 1320 1212 1357 quamquam,

111 1369 159 1401 ut
186 1363 229 1400 in
257 1364 466 1413 prooemio
495 1364 610 1409 dicit,
639 1363 860 1401 verendum
891 1371 997 1409 erat,
1037 1376 1088 1400 ne
1118 1377 1215 1415 per-

110 1420 208 1457 fecti
247 1421 414 1457 oratoris
451 1421 623 1470 imagine
660 1420 879 1457 retardaret
904 1421 1033 1457 studia
1062 1421 1216 1457 multo-

110 1490 200 1514 rum
214 1504 224 1521 ,
254 1477 322 1527 qui
345 1477 623 1527 desperatione
637 1477 830 1514 debilitati
849 1478 1025 1528 experiri
1043 1475 1211 1520 nollent,

111 1534 218 1584 quod
235 1547 276 1570 se
297 1534 450 1583 assequi
462 1547 578 1584 posse
598 1534 843 1580 diffiderent3
875 1546 918 1569 ae
947 1547 1000 1571 ne
1027 1534 1072 1570 in
1101 1547 1213 1570 sum-

110 1604 176 1627 mo
215 1596 373 1627 oratore
406 1590 592 1640 fingendo
630 1591 750 1628 talem
789 1589 1043 1635 informaret,
1085 1590 1213 1641 qualis

108 1647 275 1685 sortasse
302 1660 422 1684 nemo
449 1648 601 1685 fuisset.
649 1647 728 1684 Sed
756 1653 967 1696 utramque
993 1647 1212 1684 dubitatio-

109 1716 201 1740 nem
231 1703 287 1740 sic
316 1704 449 1751 tollit,
490 1709 537 1742 ut
574 1704 737 1749 doceat,
778 1704 955 1754 primum
994 1717 1068 1740 nco
1103 1703 1213 1754 quod

108 1759 161 1796 sit
198 1760 392 1809 optimum
433 1761 477 1797 in
514 1761 663 1798 artibus
701 1760 990 1811 desperandum
1027 1774 1130 1805 esse,
1171 1766 1212 1796 et

109 1816 155 1852 in
182 1816 469 1865 praestantibus
497 1817 615 1854 rebus
644 1830 786 1867 magna
814 1831 897 1854 esse
929 1831 973 1854 ea
1002 1830 1101 1866 quae
1132 1817 1212 1854 sint

108 1873 268 1923 optimis
298 1872 506 1923 proxi1na3
545 1873 687 1910 deinde
717 1873 782 1910 hic
812 1887 894 1911 non
924 1874 1083 1924 quaeri,
1123 1873 1211 1924 quis

109 1929 232 1966 fuerit
261 1935 414 1974 orator,
454 1929 524 1967 sed
551 1930 648 1980 quid
675 1930 726 1968 sit
754 1931 856 1969 illud
884 1931 928 1969 in
958 1937 1042 1969 arte
1071 1930 1210 1968 dicen-

107 1985 188 2030 di,
246 1999 324 2035 quo
365 1984 468 2023 nihil
508 1987 637 2037 possit
676 2001 758 2024 esse
795 1988 1069 2038 praestantius.
1155 1985 1212 2022 Et

107 2042 293 2091 quoniam
325 2042 420 2080 haec
450 2043 644 2093 ingressio
682 2044 811 2082 videri
840 2050 996 2094 poterat
1027 2057 1048 2080 e
1079 2043 1211 2080 media

107 2086 360 2149 philosophia
387 2098 581 2150 rep'etita,
612 2100 780 2145 fatetur,
828 2115 870 2138 se
901 2107 1098 2138 oratorem
1125 2100 1230 2136 non¹

107 2169 157 2193 ex
185 2154 390 2194 rhetorum
421 2157 612 2204 officinis,
641 2156 712 2195 sed
741 2171 793 2196 ex
818 2156 1099 2209 philosophiae
1118 2169 1211 2208 spa—
