1394 2503
453 162 640 196 TOPICA.
695 161 795 197 CAP.
828 162 886 197 aa*
1180 164 1250 199 501

89 244 152 287 tia
179 242 331 299 scripti
363 249 405 284 et
433 242 692 294 voluntatis,
742 249 785 284 et
827 241 988 297 scripta
1018 242 1254 287 contraria.·

60 301 184 346 ,Iam
211 299 294 341 h'oc
322 303 606 355 perspicuum
636 306 718 351 est,
771 313 861 340 non
892 299 1032 354 magis
1062 300 1106 340 in
1137 300 1249 355 legi-

85 357 194 406 bus,
244 370 377 411 quam
406 356 452 397 in
481 355 769 407 testamentis,
807 356 852 397 in
884 355 1250 411 stipulationibus,

84 413 132 456 :in
160 411 340 470 reliquis
371 413 523 461 rebus,
576 426 687 468 quae
726 426 784 453 ex
822 413 984 469 scripto
1031 421 1249 467 aguntur,

83 485 213 528 posse
242 470 559 512 controversias
589 469 760 511 easdem
783 470 1006 511 exsistere.
1067 470 1248 511 Horum

82 529 359 570 tractationes
405 526 453 568 in
495 527 586 568 aliis
623 527 748 568 libris
787 528 1077 582 explicantur.
1150 529 1248 570 Nec

81 585 228 627 solum
268 591 508 640 perpetuae
546 583 757 634 actiones,
811 584 884 625 sed
929 584 1058 625 etiam
1097 592 1249 640 partes

83 641 299 682 orationis
329 640 487 683 iisdem
515 639 621 681 locis
641 641 924 693 adiuvantur,
955 640 1117 697 partim
1135 652 1248 696 pro-

82 698 216 755 priis,
264 697 428 754 partim
461 697 789 739 communibus:
816 707 884 739 -ut
925 696 972 738 in
1003 697 1249 754 principiis,

81 755 242 811 quibus
270 761 319 796 ut
348 753 565 801 benivoli,
595 763 644 796 ut
674 753 855 807 dociles,
887 761 936 795 ut
963 754 1113 797 attenti
1142 755 1249 804 sint,

80 811 158 867 qui
209 811 412 862 audiant,
467 809 749 854 efficiendum
792 819 856 853 est
895 811 1085 867 propriis
1120 810 1248 855 locis.

78 868 280 924 Itemque
299 868 606 918 narrationes,
635 876 684 910 ut
702 867 755 910 ad
778 882 880 910 suos
902 867 1012 910 fines
1034 875 1248 925 spectent,

80 924 130 968 id
160 933 246 977 est,
287 931 337 964 ut
364 925 660 980 planaesint,
701 932 750 967 ut
775 925 953 974 breves,
984 932 1032 967 ut
1060 924 1249 967 eviden—

82 989 171 1033 tes,
199 990 249 1023 ut
271 981 520 1030 credibiles,
549 988 598 1023 ut
615 989 831 1035 moratae,
853 985 868 1004 ¹
898 989 948 1023 ut
977 996 1079 1023 cum
1101 981 1250 1038 digni-

83 1046 182 1080 tate.
214 1038 340 1095 Quae-
361 1052 629 1094 quamquam
648 1039 693 1080 in
715 1046 811 1080 tota
835 1038 1033 1081 oratione
1052 1053 1148 1080 esse
1166 1039 1249 1081 de·-

82 1094 212 1147 bent‚
256 1095 394 1151 magis
438 1103 587 1136 tamen
627 1103 730 1137 sunt
768 1095 947 1151 propria
993 1095 1250 1138 narranti.²

83 1151 212 1207 Quae
241 1157 390 1193 autem
411 1153 692 1207 consequitur
719 1152 1017 1194 narrationem
1037 1150 1182 1204 fides,
1198 1165 1250 1194 ea

79 1208 389 1266 persuadendo
429 1210 640 1264 quoniam
677 1208 889 1260 efficitur,
937 1209 1012 1264 qui
1051 1209 1104 1251 ad
1142 1224 1252 1266 per-

80 1264 358 1308 suadendum
387 1265 472 1308 loci
499 1265 696 1308 maxime
733 1266 930 1312 valeant,
977 1265 1142 1308 dictum
1183 1272 1250 1307 est

81 1322 128 1364 iu
165 1323 243 1374 iis,
293 1323 341 1364 in
383 1322 540 1378 quibus
582 1324 638 1365 de
681 1323 803 1365 omni
848 1323 1019 1364 ratione
1059 1322 1250 1364 dicendi.

80 1379 311 1422 Peroratio
350 1388 498 1425 autem
536 1389 580 1421 et
625 1380 706 1422 alia
744 1380 959 1436 quaedam
1000 1379 1158 1432 habet,
1204 1387 1248 1420 et

80 1435 279 1478 maxime
297 1436 712 1492 amplificationem:
752 1439 876 1478 cuius
899 1436 1081 1478 effectus
1106 1436 1142 1478 is
1165 1434 1248 1476 de—

80 1493 153 1534 bet
185 1507 300 1545 esse,
339 1501 388 1534 ut
410 1500 485 1533 aut
503 1494 816 1548 perturbentur
836 1494 993 1545 animi,
1025 1501 1100 1534 ant
1120 1501 1247 1534 tran·-

82 1549 350 1605 quillentur3
381 1556 444 1601 et,
476 1551 513 1590 si
542 1550 601 1591 ita
629 1549 719 1592 iam
749 1549 894 1591 affecti
922 1558 1022 1591 ante
1053 1556 1170 1600 sunt,
1198 1558 1248 1592 ut

80 1615 235 1662 augeat
263 1620 417 1647 eorum
447 1613 616 1654 motus,
659 1614 734 1648 aut
764 1606 880 1648 sedet
910 1606 1066 1647 oratio.
1124 1606 1247 1647 Huic

82 1663 258 1717 generi,
302 1663 350 1704 in
380 1678 467 1718 quo
497 1670 541 1705 et
570 1664 895 1709 misericordia,
935 1672 976 1704 et
1003 1662 1245 1709 iracundia,

81 1727 125 1760 et
153 1719 328 1771 odium,
377 1727 419 1760 et
454 1720 645 1772 invidia,
688 1727 730 1761 ct
769 1728 936 1762 ceterae
965 1719 1104 1760 animi
1133 1718 1247 1760 affe-

81 1775 245 1816 ctiones
273 1776 608 1831 perturbantur,
646 1785 878 1833 praecepta
907 1776 1245 1833 suppeditantur

129 1920 168 1964 1)
192 1923 253 1954 Sic
271 1923 401 1966 optime
427 1923 558 1955 Victor.
595 1919 763 1954 Lwnbin.
802 1919 906 1954 Μαὲε
939 1920 978 1952 in
1010 1919 1134 1953 multis
1166 1921 1244 1957 edd.

82 1967 190 1999 eliam
210 1967 248 1999 in
265 1968 354 2000 Ern.
379 1969 589 2000 moderatae.
630 1964 782 2012 Quintil.
803 1967 870 1998 IV.
893 1978 932 2004 2,
959 1964 1015 1999 64.
1038 1966 1160 2011 Neque
1178 1978 1245 2009 ego

81 2022 286 2055 quemquam
319 2014 532 2056 deceperim,
582 2019 620 2044 ut
651 2011 881 2051 dissimulem,
914 2011 1081 2044 Ciceroni
1106 2023 1245 2056 quoque

81 2058 199 2101 plures
222 2065 335 2101 partes
360 2060 507 2100 placere.
556 2056 644 2090 Nam
667 2065 904 2101 praeterquam
937 2059 1073 2099 planam
1098 2064 1133 2089 et
1160 2058 1245 2090 bre·-

83 2115 160 2135 rem
182 2110 216 2135 ct
232 2104 454 2144 credibilem,
488 2105 563 2138 vult
581 2115 650 2138 esse
680 2103 898 2145 evidentem,
935 2108 1134 2142 moratam,
1169 2114 1248 2135 cum,

83 2148 262 2192 dignitate.
1159 2182 1166 2185 ,

124 2194 159 2238 2)
188 2194 305 2238 Vulgo
332 2195 504 2228 narrandi.
550 2195 713 2226 Taxes-unt
737 2194 797 2236 qvi
821 2192 1039 2236 corrigerent
1071 2193 1241 2225 narratio-

77 2240 142 2274 nis.
189 2240 350 2274 facilior
374 2248 427 2272 est
452 2240 612 2273 Erre-‘sti
638 2239 750 2276 ratio,
781 2241 841 2282 qui
865 2243 1023 2280 reposui-⁴
1046 2240 1212 2270 narranti,
