1394 2503
389 162 670 201 PARTITION.
696 163 912 199 ORATOR.
1166 167 1234 213 307

284 249 329 288 B.
361 247 405 285 in
436 246 688 295 coniunctis,
720 246 792 284 ubi
821 253 1025 298 spectatur

341 316 375 342 a.
405 317 601 342 numerus

340 363 377 400 b.
407 362 654 401 consecutio.
714 407 718 411 .

298 419 344 458 C.
376 419 421 456 in
452 416 502 456 iis
520 428 622 468 quae
650 424 745 456 sunt
772 418 1022 469 simplicium
1053 426 1093 458 et
1125 435 1227 461 con-

396 477 630 513 iunctorum
670 476 925 526 communia,
972 483 1017 514 ut
1045 478 1099 516 sit
1130 493 1226 518 ora..

405 533 463 569 tio
494 531 696 578 dilucida,
725 533 873 580 brevis,
903 535 1140 585 probabilis,
1169 537 1226 575 il-

398 589 565 635 lustris,
597 590 747 627 suavis.
781 603 813 627 c.
844 591 880 628 6.

237 655 273 687 2-
303 659 427 698 genus
458 647 655 684 orationis
678 660 920 685 conversum
950 661 996 685 ac
1015 655 1226 689 mutatum.

179 706 218 743 4.
247 703 375 746 Actio
405 709 444 740 et

179 764 218 801 5.
246 761 478 804 Memoria,
519 759 568 797 de
598 759 746 810 quibus
782 760 1024 800 brevissime
1052 775 1227 815 respon-

316 819 435 855 detur
465 830 496 856 C.
528 825 564 866 7.

233 874 285 913 ΙΙ.
315 876 533 924 Praecepta
553 874 602 912 de
632 873 816 912 oratione
845 888 880 912 c.
912 876 951 914 8.
983 889 1071 927 sqq.
1111 879 1224 919 Haec

339 937 547 983 pertlnent
1147 937 1150 941 '

182 999 220 1026 1.
251 986 302 1024 ad
332 987 497 1026 exordia
529 1001 560 1027 s,
590 987 793 1038 principia
823 1002 854 1025 c.
889 989 928 1027 8.

175 1053 218 1082 2.
241 1044 292 1081 ad
324 1045 596 1083 narrationem
630 1058 660 1080 c.
696 1057 733 1095 9.

177 1097 216 1141 5.
256 1101 306 1138 ad
355 1100 703 1139 confirmationem
758 1107 798 1139 et
847 1102 1222 1158 reprehensionem,

283 1159 353 1196 ubi
385 1159 595 1209 quaeritur

247 1228 287 1255 a.
317 1215 367 1253 de
396 1215 638 1253 inventione
667 1215 850 1254 locorum

287 1284 326 1311 α.
356 1272 402 1310 in
432 1271 762 1318 confirmatione,
795 1273 862 1324 qni
891 1280 990 1314 sunt

348 1342 385 1370 1.
410 1330 491 1367 loci
523 1329 778 1367 coniecturae
807 1344 839 1367 c.
874 1344 938 1370 ιο.

355 1396 396 1425 2.
419 1385 671 1425 definitionis
701 1401 733 1426 c,
768 1399 832 1427 11.

366 1440 407 1482 5.
435 1443 621 1480 rationis-
637 1457 671 1481 c.
708 1455 769 1483 12.

290 1500 404 1553 sssin
436 1498 755 1550 reprehensione
784 1513 816 1539 c.
850 1498 913 1539 15.

258 1557 297 1596 b.
330 1556 380 1594 de
409 1557 648 1594 tractatione
677 1564 1024 1606 argumentorum.
1056 1569 1088 1594 c.
1118 1555 1184 1602 14.

181 1617 224 1656 4.
255 1615 303 1652 ad
334 1614 660 1665 perorationem,
693 1614 762 1651 ubi
793 1614 927 1663 agitur

235 1679 271 1710 1.
312 1671 362 1709 de
399 1669 715 1722 amplificatione
750 1673 972 1710 verborum
1012 1684 1045 1710 c.
1081 1674 1145 1712 15.
1182 1680 1222 1712 et

315 1740 453 1766 rerum
485 1741 516 1765 c.
555 1729 614 1766 ιδ.

235 1779 279 1822 2]
311 1784 360 1822 de
391 1785 712 1822 enumeratione.
740 1797 771 1823 e.
804 1795 862 1834 17.

232 1839 306 1880 III.
334 1842 552 1892 Praecepta
563 1842 612 1878 de
634 1840 963 1891 quaestionibus,
995 1855 1028 1884 c.
1055 1844 1118 1881 18.
1135 1855 1220 1894 sqq.

289 1910 461 1947 quarum
492 1898 572 1935 duo
603 1904 699 1935 sunt
727 1911 886 1948 genera,

179 1952 233 1991 A.
262 1954 470 1991 infinitum
501 1968 532 1993 s.
562 1955 832 2005 propositum,
866 1955 981 1994 cuius
1015 1955 1095 1994 duo
1127 1964 1221 1995 sunt

295 2024 452 2060 genera,

236 2081 271 2104 a.
303 2068 545 2118 cognitionis
563 2096 573 2114 ,
603 2069 675 2106 ubi
702 2070 939 2117 quaeritur:

294 2137 331 2165 1.
364 2125 416 2162 sit
445 2125 620 2175 aliquid,
651 2128 810 2166 necne?
857 2141 890 2164 c.
926 2126 987 2168 13.
1016 2128 1061 2164 in
1093 2140 1219 2176 eoque

401 2190 608 2233 practerea
