1394 2503
162 175 231 211 234
614 176 869 213 CICERONIS

160 255 279 299 nuda
307 258 449 313 paene
475 267 674 300 remanet
704 258 858 302 oratio.
916 259 1123 316 Quorum
1154 260 1315 306 similit

159 321 263 355 sunt
289 314 507 368 quaedam
537 317 669 359 etiam
705 316 823 374 apud
858 324 1054 359 nostros:
1094 319 1211 361 velut
1239 318 1316 361 illa

157 371 204 413 in
238 371 448 427 Thyeste,

207 430 435 476 Quemnam
446 437 483 467 te
501 442 584 469 esse
603 427 769 467 dicam?
793 433 867 482 qui
883 430 1009 468 tarda
1030 433 1075 468 in
1092 439 1316 469 senectute?

159 486 203 520 et
232 493 340 532 quae
369 491 637 536 sequuntur:
679 495 814 537 quae,
857 481 939 523 nisi
977 496 1113 537 quum
1150 482 1313 536 tibicen

157 537 354 584 accessit,
403 539 591 582 orationi
621 546 725 580 sunt
753 538 921 581 solutae
948 538 1180 582 simillima.
1247 539 1316 580 Ac

156 597 432 637 comicorum
447 601 462 621 ¹
483 595 640 639 senarii
660 604 843 652 propter
864 595 1192 638 similitudinem
1216 610 1316 638 ser-

155 652 302 692 monis
331 654 389 692 sic
418 669 548 710 saepe
578 660 679 694 sunt
706 653 874 703 abiecti,
905 661 952 696 ut
978 665 1316 707 nonnumquam

155 708 235 749 vix
268 709 309 748 in
339 710 400 750 eis
422 713 443 737 2
474 725 682 754 numerus
703 717 745 751 et
769 725 920 751 versus
945 710 1127 765 intelligi
1155 710 1314 765 possit:

154 778 244 820 quo
274 774 335 807 est
366 768 416 808 ad
447 767 765 810 inveniendum
795 765 1011 808 difficilior
1038 767 1084 808 in
1117 767 1315 809 oratione

153 835 392 872 numerus,
430 840 563 881 quam
600 825 646 865 in
686 823 895 865 versibus.
985 824 1183 867 Omnino
1225 824 1314 865 duo

153 887 268 928 sunt,
288 895 396 935 quae
416 883 625 924 condiant
645 882 913 931 orationem3
944 881 1198 931 verborum,
1228 896 1315 922 nu-

152 949 471 993 merorumque
507 938 761 980 iucunditas.
820 939 868 979 In
888 938 1037 980 verbis
1055 938 1168 980 inest
1188 937 1315 993 quasi

141 994 332 1035 ‘materia
367 996 607 1050 quaedam3
637 996 679 1036 in
704 1009 889 1036 numero
912 1002 1058 1036 autem
1082 994 1312 1051 expolitio.

153 1051 235 1093 Sed
268 1058 316 1091 ut
355 1054 506 1094 cet-*ris
543 1054 591 1095 in
631 1053 783 1103 rebus,
830 1052 1094 1094 necessitatis
1131 1052 1314 1094 inventa

152 1108 399 1163 antiquiora
439 1119 564 1159 sunt,
613 1124 744 1164 quam
775 1110 1038 1166 voluptatis:
1081 1108 1141 1150 ita
1181 1116 1223 1150 et
1264 1108 1313 1149 iu

150 1165 234 1207 hac
263 1180 312 1207 re
343 1167 519 1214 accidif,
565 1173 612 1207 ut
640 1167 789 1207 multis
819 1166 1000 1208 saeculis
1041 1174 1141 1207 ante
1157 1165 1311 1206 -oratio

150 1221 290 1272 nuda,
319 1238 368 1264 ac
399 1224 521 1265 rudis
551 1224 602 1264 ad
634 1229 751 1264 solos
771 1225 1023 1264 animorum
1046 1236 1194 1264 sensus
1225 1235 1309 1263 ex·-

149 1279 408 1336 primendos
444 1279 576 1322 suen-it
604 1287 798 1335 reperta,
829 1294 960 1334 quam
992 1279 1103 1320 ratio
1145 1292 1313 1320 nume-

150 1350 329 1386 rorum,
359 1352 484 1378 causa
505 1337 798 1379 delectationis
821 1338 1022 1385 aurium,
1054 1339 1310 1395 excogitata.

149 1393 302 1448 Itaque
340 1400 381 1434 et
424 1393 702 1442 Herodotus,
749 1401 792 1434 et
829 1394 981 1435 eadem
1021 1393 1311 1449 superiorque

150 1458 268 1492 aetas
298 1465 487 1492 numero
519 1450 679 1499 caruit,
704 1453 718 1477 ³
752 1451 836 1492 nisi
869 1449 1042 1506 quando
1065 1458 1232 1492 temere
1261 1463 1310 1490 ac

149 1506 354 1549 fortuito:
385 1516 426 1549 et
463 1508 696 1564 scriptores
738 1515 988 1564 perveteres
1029 1505 1082 1548 de
1121 1519 1309 1547 numero

150 1564 261 1606 nihil
290 1565 488 1615 omniuo,
519 1564 573 1605 de
601 1564 800 1606 oratione
817 1571 1046 1623 praecepta
1068 1563 1203 1604 multa
1222 1577 1309 1604 no-

149 1621 217 1662 bis
247 1621 536 1677 reliquerunt.
593 1621 711 1662 Nam
741 1623 854 1677 quod
887 1629 929 1662 et
957 1620 1125 1662 facilius
1155 1626 1232 1667 est,
1265 1625 1309 1659 et

148 1679 286 1732 magis
318 1679 635 1728 necessarium,
672 1677 715 1718 id
746 1691 922 1734 semper
950 1683 1051 1719 ante
1078 1675 1310 1731 cognosci-

148 1744 236 1778 tur.
307 1736 454 1790 ltaque
496 1736 722 1783 translata,
773 1742 848 1775 aut
875 1733 1014 1784 facta,
1057 1742 1130 1774 aut
1160 1733 1310 1775 iuncta

148 1793 292 1838 verba,
326 1792 451 1834 facile
483 1799 584 1833 sunt
613 1791 802 1846 cognita,
837 1791 939 1846 quia
969 1790 1254 1831 sumebantur
1280 1804 1309 1830 ο

148 1850 491 1897 consuetudine,
519 1848 860 1906 quotidianoque
889 1862 1094 1891 sermone
1104 1861 1120 1899 3
1148 1860 1307 1889 nume·

197 2044 228 2088 ι)
253 2045 311 2078 Sic
336 2047 401 2081 Ga.
427 2048 459 2082 5.
507 2048 642 2095 Vulgo.-
672 2049 720 2083 At
744 2048 971 2093 comicorum.

192 2132 226 2176 ῃ)
255 2115 369 2178 Vulgxo
393 2134 459 2168 his.
509 2138 575 2170 Gu.
603 2136 638 2170 ἓ.
663 2137 726 2170 eis.

143 2219 224 2306 1³15)
249 2222 317 2296 ξω.
340 2222 373 2255 3.
395 2223 540 2266 placuit:
558 2224 649 2257 unde
666 2223 913 2267 Heusingerue
930 2221 1019 2254 coni.
1038 2217 1223 2266 legendum
1234 2227 1306 2252 non

186 2277 258 2298 :toul
280 2292 287 2299 .
