1394 2503
449 124 662 163 ORATOR.
732 125 833 161 cAP.
859 125 919 162 ω,-
1199 127 1264 171 247

99 207 361 265 proceritate
388 206 566 248 tardius.
628 205 821 248 Cursum
838 204 1138 248 contentiones
1156 218 1259 247 ma-

98 267 164 321 gis
185 264 442 319 requirunt3
471 263 769 319 expositiones
792 277 960 311 rerum,
989 263 1256 305 tarditatem.

72 322 262 363 ‘Insistit
291 328 439 362 autem
468 321 655 362 ambitus
687 319 829 361 modis
860 319 1069 376 pluribus,
1101 336 1124 361 e
1156 320 1257 375 qui-

98 378 179 420 bus
208 393 350 419 unum
380 385 443 419 est
481 386 628 419 secuta
667 376 778 418 Asia
805 377 1026 425 maxime,
1070 376 1147 431 qui
1186 376 1256 417 di-

96 435 281 476 choreus
325 441 530 484 vocatur,
574 448 711 489 quum
749 435 837 475 duo
876 433 1069 475 extremi
1108 433 1256 475 chorei

95 500 224 540 sunt,
254 490 299 533 id
330 501 415 541 est,
445 506 468 532 e
490 490 668 545 singulis
688 491 831 545 longis
853 497 895 532 et
913 490 1140 532 brevibus:
1173 504 1258 531 ex-

92 549 367 605 planandum
398 555 460 588 est
490 548 623 596 enim,
655 547 768 602 quod
801 547 853 589 ab
885 547 978 589 aliis
1007 546 1140 588 iidem
1174 560 1256 602 pe-

93 605 168 646 des
190 604 282 646 aliis
302 605 591 646 nominantur
612 604 850 646 vocabulis.
897 603 1145 646 Dichoreus
1165 617 1256 655 non

93 670 158 703 est
186 662 262 703 ille
292 661 469 716 quidem
499 675 575 702 sua
605 668 761 715 sponte
793 661 973 701 vitiosus
1004 661 1050 702 in
1073 660 1256 702 clausu-

92 719 161 769 lis,
192 717 268 759 sed
287 718 334 759 in
368 716 580 762 orationis
612 732 801 759 numero
831 717 943 759 nihil
972 725 1034 759 est
1063 724 1154 758 tam
1183 717 1252 758 vi·-

91 775 278 824 timum,
308 789 440 830 quam
470 774 507 815 si
536 788 711 829 semper
744 781 808 815 est
832 774 964 816 idem.
1023 773 1151 816 Cadit
1170 788 1253 815 au-

90 836 179 873 tem
214 845 293 888 per
323 846 370 872 se
395 831 467 875 illo
483 830 580 887 ipse
615 831 864 887 praeclare:
897 846 984 886 quo
1016 829 1148 872 etiam
1180 845 1252 872 sa-

89 889 213 930 tietas
235 887 512 931 formidanda
533 894 598 927 est
617 888 770 943 magis.
800 886 878 928 Me
900 894 1039 929 stante
1063 888 1112 928 G.
1137 887 1252 929 Car-

90 944 159 994 bo,
191 945 241 985 C.
262 945 312 986 F.
342 944 544 985 tribunus
562 944 702 1000 plebis
730 946 776 984 in
799 943 1010 985 concione
1040 943 1156 986 dixit
1181 944 1248 986 his

87 1000 257 1051 verbis,
285 999 499 1041 OMarce
532 1001 690 1051 Druse,
703 1009 884 1057 patrem
904 1000 1094 1056 appello.
1124 1001 1250 1043 Haec

87 1058 265 1112 quidem
295 1056 380 1098 duo
411 1057 525 1099 binis
543 1057 727 1115 pedibus
744 1057 931 1099 incisim.
963 1057 1080 1098 Dein
1099 1072 1248 1099 mem-

86 1114 270 1156 bratim:
301 1121 352 1155 ta
382 1112 530 1155 dicere
565 1113 760 1166 solebas,
799 1128 978 1155 sacram
1017 1128 1109 1154 esse
1150 1129 1246 1155 rem

76 1170 328 1229 publicam.
398 1173 519 1213 Haec
551 1170 657 1211 item
684 1171 885 1212 membra
922 1170 1073 1212 terni-s.
1139 1171 1246 1213 Post

83 1227 296 1269 ambitus:
352 1226 637 1282 Quicumque
679 1242 780 1268 eam
821 1226 1138 1270 vinbavissent.
1184 1226 1242 1269 ab

84 1284 289 1326 omnibus
307 1299 400 1325 esse
421 1284 464 1326 ei
464 1299 637 1341 poenas
643 1284 917 1341 pet-solatas.
976 1283 1242 1326 Dichoreus.

84 1341 213 1384 Nihil
243 1341 364 1382 enim
392 1341 444 1382 ad
477 1356 571 1383 rem
587 1372 600 1391 ‚
642 1349 842 1382 extrema
870 1341 970 1391 illa,
1008 1340 1142 1395 longa
1170 1341 1240 1392 sit,

81 1413 139 1439 an
170 1398 325 1442 brevis.
390 1398 592 1449 Deinde,
630 1397 790 1439 Patris
832 1397 1006 1440 dictam
1049 1398 1244 1454 sapiens,

81 1453 313 1496 temeritas
341 1451 444 1511 filii
487 1454 803 1509 comprobavit.
893 1456 995 1497 Hoc
1034 1454 1239 1495 dichoreo

78 1518 224 1553 tantus
255 1511 418 1552 clamor
447 1511 673 1552 concionis
703 1510 916 1552 excitatus
947 1517 1034 1562 est,
1073 1518 1122 1554 ut
1162 1511 1239 1552 ad-

80 1568 282 1611 mirabile
320 1575 448 1609 esset.
509 1568 713 1624 Quaem,
755 1582 905 1608 nonne
945 1566 988 1607 id
1026 1581 1239 1610 numerus

81 1625 304 1667 effecerit?
332 1624 575 1665 verborum
606 1623 809 1665 ordinem
837 1624 1045 1666 immuta:
1073 1622 1141 1665 fac
1161 1623 1239 1675 sic,

81 1681 398 1738 Comprobavit
421 1679 524 1736 filii
561 1680 814 1722 temeritas.-
860 1680 948 1732 iam
986 1678 1100 1721 nihil
1139 1680 1237 1730 erit,

81 1738 160 1779 etsi
189 1737 418 1778 temeritas
436 1737 648 1779 extribus
680 1738 907 1789 brevibus,
941 1743 984 1777 et
1000 1736 1129 1791 longa
1149 1745 1236 1778 est:

80 1807 216 1848 quem
243 1793 498 1835 Aristoteles
528 1801 576 1834 ut
604 1794 822 1849 optimum
851 1794 1028 1849 probat3
1054 1797 1068 1816 ¹
1091 1808 1117 1840 a,
1148 1808 1236 1848 quo

79 1849 302 1891 dissentio.
360 1850 425 1891 At
451 1849 605 1890 eadem
633 1850 790 1894 verba,
822 1850 977 1891 eadem
1007 1850 1235 1903 sententia.

77 1905 246 1948 Animo
276 1905 392 1948 istud
425 1906 525 1947 satis
556 1913 642 1958 est,
673 1907 852 1948 auribus
883 1921 968 1947 non
996 1906 1110 1948 satis.
1150 1907 1236 1948 Sed

77 1961 122 2004 id
151 1963 346 2004 crebrius
377 1960 474 2002 fieri
503 1977 594 2003 non
622 1970 808 2020 oportet.
878 1963 1080 2006 Primum
1113 1964 1236 2004 enim

78 2033 291 2065 numerus
340 2018 616 2073 agnoscitur3
679 2020 836 2062 deinde
883 2019 1031 2073 salian
1076 2027 1233 2078 postea

78 2077 252 2132 cognita
280 2073 481 2117 facilitate
522 2076 833 2120 contemnitur.

125 2177 158 2236 xj
178 2194 261 2229 Art.
286 2195 434 2239 thetor.
465 2199 542 2233 III.
571 2199 604 2236 8.
