1394 2503
188 136 507 176 PARTITIONES
532 135 825 169 ORATORIAE.
873 135 974 170 CAP.
1001 137 1052 170 14.
1081 138 1132 171 15.
1178 139 1242 174 552

88 229 133 263 et
167 219 272 262 item
310 214 364 257 ad
401 215 698 257 coniecturam
742 212 988 257 faciendam
1026 213 1139 269 loci)
1195 217 1250 260 in.

90 273 323 319 contrariis
378 272 596 315 contraria
643 272 729 313 sint
776 272 1004 314 sumenda.
1097 274 1248 329 Atque

61 339 69 341 ⁴
92 333 221 377 etiam
249 330 438 372 incurrit
475 329 558 371 alia
588 329 801 384 quaedam
838 328 886 370 in
915 329 1095 371 testibus
1129 339 1169 372 et
1199 331 1250 374 in.

91 387 417 446 quaestionibus
465 386 592 427 ratio.
650 386 788 442 Saepe
837 386 957 427 enim
1008 401 1079 436 ea,
1137 402 1250 442 quae

91 447 206 489 dicta
235 451 359 494 sunt,
401 443 438 484 si
469 450 543 484 aut
571 442 800 496 ambigue,
830 449 905 484 aut
935 443 1253 498 inconstanter,

91 511 168 546 aut
195 500 507 544 incredibiliter
543 498 658 540 dicta
687 507 810 545 sunt,
850 508 923 541 aut
965 502 1096 542 etiam
1126 501 1252 544 aliter

92 561 147 602 ab
177 559 263 601 alio
293 557 430 608 dicta,
461 556 674 598 subtiliter
700 556 1103 613 reprehenduntur.

202 672 311 716 XV.
369 672 426 714 F.
455 671 670 713 Extrema
698 669 775 712 tibi
804 685 906 726 pars
928 678 1058 713 restat
1089 671 1254 713 oratio:

97 731 192 783 nis,
231 743 340 785 quae
378 729 522 785 posita
559 728 606 768 in
646 726 897 783 perorando
938 735 1030 779 est,
1074 728 1127 768 de
1168 742 1255 784 qua

96 801 202 829 sane
230 785 365 828 velim
395 785 560 826 audire.

181 844 238 886 P.
288 841 476 884 Facilior
539 850 602 883 est
657 841 889 897 explicatio
946 841 1254 898 perorationis.

96 903 216 946 Nam
247 907 311 940 est
343 899 480 940 divisa
510 899 557 938 in
599 898 704 938 duas
734 907 904 953 partes,
942 898 1256 955 amplificatio-

95 972 223 1007 nem,
255 963 299 997 et
340 955 727 998 enumerationem.
794 954 998 1010 Augendi
1038 963 1184 996 autem
1214 960 1259 996 et

97 1014 169 1056 hic
207 1020 272 1054 est
313 1012 518 1068 proprius
560 1011 678 1051 locus
725 1011 771 1052 in
812 1011 1089 1066 perorando:
1130 1019 1172 1052 et
1209 1011 1260 1053 in.

99 1084 234 1112 cursu
263 1069 362 1126 ipso
393 1067 602 1110 orationis
641 1068 946 1109 declinationes
978 1068 1032 1109 ad
1062 1066 1261 1123 amplifi-

100 1126 289 1168 candum
319 1124 492 1176 dantur,
522 1123 778 1166 confirmata
810 1141 860 1166 re
892 1125 1051 1180 aliqua,
1079 1132 1155 1167 aut
1183 1139 1262 1166 re-

99 1182 333 1241 prehensa.
410 1183 489 1223 Est
538 1182 670 1237 igitur
715 1182 1023 1237 amplificatio,
1085 1181 1262 1238 gravior

94 1239 320 1296 quaedam
370 1237 627 1290 affirmatio,
683 1252 795 1292 quae
839 1246 967 1279 motu
1007 1237 1262 1280 animorum

103 1296 306 1338 conciliet,
339 1294 386 1336 in
416 1295 600 1336 dicendo
639 1294 787 1337 fidem.
846 1295 912 1338 Ea
949 1303 992 1337 et
1020 1295 1264 1337 verborum

104 1367 263 1409 genere
291 1351 549 1401 conficitur,
577 1358 620 1392 et
644 1367 812 1394 rerum.

218 1408 371 1450 Verba
407 1407 611 1463 ponenda
640 1417 766 1458 sunt,
810 1423 921 1463 quae
955 1409 1049 1449 vim
1076 1408 1267 1450 habeant

106 1464 385 1516 illustrandi,
415 1479 494 1505 nec
523 1464 575 1505 ab
605 1479 689 1506 usu
718 1465 804 1505 sint
833 1464 1130 1512 abhorrentia,
1159 1479 1267 1520 gra-

107 1523 204 1571 via,
225 1522 375 1579 plena,
406 1520 626 1571 sonantia,
656 1520 827 1572 iuncta,
857 1519 992 1572 facta,
1033 1521 1269 1577 cognomi-

107 1586 233 1630 nata,
271 1581 287 1601 ¹
336 1591 428 1618 non
456 1576 656 1632 vulgata,
694 1577 936 1634 superlata,
979 1577 1270 1632 inprimisque

108 1634 344 1686 translata,
387 1648 466 1675 nec
498 1634 644 1675 solum
672 1633 721 1675 in
756 1634 942 1689 singulis
981 1633 1151 1685 verbis,
1193 1632 1270 1676 sed

109 1693 161 1734 in
190 1690 509 1732 continentibus
519 1706 532 1741 3
563 1691 730 1742 soluta,
759 1693 781 1714 2
830 1706 940 1746 quae
968 1689 1174 1732 dicuntur
1203 1691 1271 1732 si-

111 1763 169 1789 ne
198 1747 524 1799 coniunctione,
553 1755 604 1788 ut
631 1747 760 1804 plura
788 1748 1058 1811 videzglturs
1091 1747 1273 1804 Augeat

113 1804 244 1846 etiam
274 1803 411 1845 relata
447 1804 606 1857 verba,
655 1803 833 1857 iterata,
871 1804 1111 1860 duplicata,
1149 1806 1165 1832 ³
1229 1812 1274 1845 et

160 1951 198 1994 ι)
222 1951 316 1983 Sunt
342 1946 543 1993 συνώνυμα.
590 1949 702 1984 Mich.
732 1950 866 1983 Brutus
883 1948 1031 1994 frustra
1052 1949 1276 1996 corrigebat..-

118 2001 369 2038 coagmentata.

162 2041 203 2084 2)
234 2039 337 2074 Male
371 2037 478 2084 vulgo
513 2050 647 2071 comma
683 2039 863 2072 omittitur
881 2044 976 2085 'post
1004 2040 1278 2074 continenfibus.

120 2085 322 2120 Translata
339 2086 375 2119 in
387 2085 650 2118 continentibus
659 2091 744 2119 sunt
762 2085 981 2131 allegorian
1016 2085 1137 2118 soluta
1159 2091 1280 2120 autem

117 2127 307 2167 ἀσύνδετα.

167 2177 202 2219 5)
225 2178 333 2210 relata
353 2174 460 2208 verba
480 2176 584 2216 sunt,
612 2187 704 2221 quae
723 2187 791 2220 per
805 2176 1032 2220 anaphoram
1051 2179 1278 2218 repetuntur:

123 2223 247 2262 'itu-ata
261 2249 270 2266 ,
303 2233 410 2268 quum
424 2220 562 2267 (figura
585 2223 842 2268 antistropha)
862 2222 901 2254 in
923 2222 1017 2254 idem
1034 2219 1174 2253 verbum
1195 2231 1280 2254 sae-
