1394 2503
130 144 198 189 294
586 143 838 178 cxcERoms

131 222 303 267 Divina
345 221 454 267 haec
499 222 594 267 fere
633 230 735 265 sunt
773 222 1044 276 testimonia3
1093 223 1294 280 primum

133 279 369 331 orationi33
412 280 616 330 (oracula
646 280 764 324 enim
792 296 844 322 ex
877 296 928 323 eo
958 282 1054 338 ipso
1081 282 1294 337 appellata

132 344 257 382 sunt,
297 336 413 393 quod
442 338 554 380 inest
578 338 622 378 in
647 337 715 379 his
735 337 916 379 deorum
940 338 1135 390 ora1i03)
1165 338 1292 380 dein-

133 394 188 436 de
218 408 391 444 rerum,
443 395 487 436 in
526 396 686 451 quibus
726 395 875 436 insunt
905 395 1023 450 quasi
1056 410 1188 452 opera
1218 395 1292 437 di-

129 451 239 493 vina
262 451 494 507 quaedam:
533 453 730 508 primum
752 453 845 507 ipse
868 452 1079 507 mundus»,
1110 453 1292 507 eiusque

131 507 277 549 omnis¹
309 509 416 550 ordo
448 515 491 550 et
520 517 723 555 ornatum
755 510 958 565 deinceps
981 509 1097 550 aerei
1121 509 1291 551 volatus

132 564 282 606 avium
310 573 439 621 atque
469 573 643 616 cantus3
681 567 835 608 deinde
866 566 1058 607 eiusdem
1080 566 1194 608 aeris
1215 580 1293 607 so·-

132 621 251 664 nitus
281 629 324 663 et
344 622 544 672 ardores,
582 625 908 678 multarumque
932 637 1084 664 rerum
1113 624 1158 664 in
1179 630 1293 664 terra

131 685 359 737 portenta3
388 687 519 735 atque
549 680 678 721 etiam
711 696 793 737 per
824 688 923 721 exta
953 680 1133 721 inventa
1160 693 1295 735 prae-

132 735 289 778 sensio.
358 735 401 779 A
431 737 747 778 dormientibus
779 752 952 792 quoque
984 737 1123 778 multa
1154 737 1294 793 signi·

131 791 258 835 ficata
286 793 410 840 visis,
441 794 600 848 quibus
631 810 687 835 ex
711 795 813 836 locis
837 795 952 835 sumi
973 794 1196 836 interdum
1217 808 1294 836 so-

131 849 225 892 lent
255 850 307 891 ad
338 849 471 891 fidem
511 849 758 893 faciendam
797 851 1049 899 testimonia
1089 850 1291 892 deorum.

131 906 182 949 In
223 905 402 948 homine
446 907 619 949 virtutis
670 908 820 964 opinio
869 908 981 949 valet
1028 907 1291 964 plurimum.

133 962 297 1019 Opinio
328 972 475 1005 autem
495 972 580 1015 est,
614 979 702 1005 non
726 964 856 1005 modo
877 979 948 1005 eos
973 965 1179 1006 virtutem
1208 964 1294 1005 ha-

134 1020 258 1070 bere,
287 1020 362 1075 qui
390 1020 599 1071 habeant,
630 1020 704 1062 sed
734 1037 809 1063 eos
840 1021 995 1071 etiam,
1029 1022 1102 1077 qui
1133 1021 1292 1063 habere

132 1076 378 1121 videantur.
432 1077 604 1133 Itaque,
643 1093 751 1134 quos
773 1079 977 1134 ingenio,
1008 1093 1116 1134 quos
1138 1079 1293 1129 studio,

134 1148 245 1189 quos
267 1133 463 1177 doctrina
484 1135 704 1191 praeditos
729 1136 892 1184 vident,
921 1150 1202 1191 quorumque
1221 1135 1294 1175 vi-

130 1198 223 1232 tam
269 1199 559 1240 constantem,
615 1201 654 1234 et
695 1193 949 1248 probatam,
1003 1199 1050 1232 ut
1090 1190 1291 1237 Catonis,

132 1247 298 1296 Laelii,
326 1248 561 1304 Scipionis,
590 1249 862 1303 aliorumque
894 1248 1107 1304 plurium,
1137 1256 1294 1289 rentur

133 1318 206 1345 eos
230 1319 343 1356 esse,
374 1304 524 1358 quales
544 1319 590 1345 se
609 1305 690 1361 ipsi
722 1306 873 1346 velint.
932 1305 1026 1346 Nec
1051 1308 1194 1346 solum
1218 1317 1301 1346 eos

133 1369 311 1403 censent
342 1362 447 1402 tales
478 1375 593 1412 esse,
642 1362 715 1416 qui
752 1362 798 1402 in
837 1361 1076 1403 honoribus
1115 1361 1294 1418 popuii,

133 1432 269 1472 reque
296 1418 470 1474 publica
494 1423 508 1442 ¹
540 1425 795 1469 versantur,
825 1419 898 1459 sed
932 1426 973 1458 et
1001 1426 1220 1466 oratores,
1250 1424 1294 1458 et

131 1474 433 1531 philosophos,
468 1482 510 1516 et
536 1482 706 1530 poetam,
737 1484 777 1517 et
806 1475 1059 1516 historicos:
1098 1490 1154 1516 ex
1178 1487 1295 1529 quo-

132 1545 234 1573 rum
264 1539 307 1573 et
338 1530 460 1572 dictis
491 1538 532 1572 et
561 1531 731 1587 scriptis
760 1546 890 1589 saepe
917 1532 1149 1573 auctoritas
1176 1530 1293 1588 peti·

132 1595 206 1629 tur
231 1588 286 1630 ad
316 1587 559 1630 faciendam
588 1587 733 1629 fidem.

219 1700 325 1743 XX.
382 1701 609 1757 Expositis
633 1701 836 1743 omnibus
857 1698 1193 1756 argumentandi
1222 1698 1292 1740 lo·

134 1757 218 1807 cis,
255 1757 362 1799 illud
393 1759 585 1813 primum
615 1757 943 1812 intelligendum
976 1765 1062 1809 est,
1110 1770 1192 1797 nec
1218 1755 1293 1796 ul-

133 1814 225 1855 lam
253 1830 346 1856 esse
375 1816 730 1871 disputationem,
779 1815 825 1856 in
855 1829 985 1869 quam
1022 1829 1109 1854 non
1139 1812 1293 1867 aliquis

133 1871 257 1914 loeus
286 1871 505 1924 incurrat,
546 1888 626 1914 nec
655 1871 748 1913 fere
777 1887 929 1913 omnes
954 1872 1071 1912 locos
1101 1869 1294 1912 incidere

136 1927 182 1968 in
217 1942 396 1969 omnem
426 1930 747 1985 quaestionem,
779 1929 852 1969 sed
875 1928 1133 1984 quibusdam
1155 1940 1294 1981 quae·

138 1984 347 2026 stionibus
373 1985 478 2026 alios
506 2002 599 2028 esse
619 1987 810 2043 aptiores
838 1986 1005 2028 locos.2
1061 1982 1296 2040 Quaestio-

186 2117 223 2161 1)
251 2124 352 2162 atque
372 2118 405 2150 in
426 2128 463 2151 re
483 2117 621 2161 publica
652 2117 784 2150 Victor.

186 2182 225 2225 2)
250 2183 309 2215 Sic
318 2184 406 2215 Em.
425 2185 524 2217 eMS.
548 2184 621 2216 Vit.
650 2182 763 2228 Vulgo
781 2191 814 2216 et
833 2182 1036 2228 quibusdam
1056 2187 1186 2226 quaest.
1201 2179 1299 2220 alim,

145 2229 342 2270 quibusdum
364 2240 435 2261 ese-e
455 2230 542 2261 alios
560 2236 629 2272 apt.
655 2229 721 2261 loc.
