1394 2503
151 142 220 185 298
578 152 580 154 '
605 140 858 178 CICERONIS

152 227 230 262 aut
257 217 297 262 si
324 218 429 261 huic
457 217 524 261 rei
550 216 628 260 illa
651 219 886 270 antecedit,
927 220 1033 264 huic
1062 238 1155 266 non
1183 231 1310 266 ante-

150 277 287 327 cedit3
328 283 405 318 aut
430 275 467 318 si
495 275 601 318 huic
634 276 702 319 rei
730 287 968 336 repugnat,
1018 280 1081 323 illi
1111 296 1200 323 non
1232 296 1310 322 re-

150 340 340 392 pugnatg
399 340 497 382 aut,
541 335 576 374 si
617 333 746 376 huius
788 335 852 376 rei
894 335 1020 384 haec,
1070 338 1183 380 illius
1224 338 1310 381 alia

149 405 279 438 causa
309 399 392 442 θεῖς
445 397 521 431 aut
557 391 593 432 si
632 406 688 432 ex
718 391 804 433 alio
838 391 945 445 hoc,
996 407 1054 436 ex
1083 395 1170 437 alio
1199 394 1306 437 illud

149 448 357 490 effectum
387 455 472 488 est:
521 462 580 489 ex
620 449 776 504 quovis
819 447 983 492 horum
1018 451 1086 504 id,
1135 452 1189 493 de
1217 455 1306 506 quo

148 505 400 561 quaeritur,
445 503 647 558 idemne,
707 520 765 547 an
815 505 933 548 aliud
984 507 1060 559 sit,
1119 509 1308 552 inveniri

145 569 301 621 potest.

232 652 397 696 XXIII.
424 651 497 698 Ad
509 652 689 696 tertium
699 667 835 708 genus
850 654 1129 709 quaestionis,
1147 655 1194 698 in
1205 670 1307 711 quo,

147 713 278 767 quale
298 710 374 758 sit,
403 711 654 767 quaeritur,
692 711 735 752 in
757 712 1134 768 comparationem
1158 728 1209 754 ea
1231 727 1307 754 ca-

148 769 282 819 dunt,
313 781 425 823 quae
451 767 600 826 paullo
629 776 727 809 ante
752 768 798 811 in
829 770 1171 825 comparationis
1210 769 1307 811 loco

145 833 401 868 enumerata
424 834 538 866 sunt.
594 825 643 868 In
668 824 777 867 illud
796 835 941 867 autem
963 840 1116 882 genus,
1150 826 1193 868 in
1218 842 1306 882 quo

146 884 199 925 de
230 880 478 938 expetendo
497 879 791 938 fugiendoque
811 883 1058 938 quaeritur,
1089 883 1305 926 adhiben-

145 948 221 982 tur
251 954 323 986 ea,
375 953 486 994 quae
523 948 625 981 sunt
657 945 731 980 aut
759 940 918 981 animi.
971 948 1048 982 aut
1086 941 1306 997 corporis,

147 1004 224 1039 aut
264 1004 448 1037 externa.
486 995 557 1037 vel
595 995 848 1042 commoda,
898 998 968 1039 vel
1007 997 1304 1041 incommoda.

144 1054 343 1109 Itemque
373 1067 510 1108 quum
542 1052 593 1095 de
625 1053 805 1095 honesto
835 1054 1043 1110 turpique
1066 1055 1307 1111 quaeritur,

147 1112 200 1154 ad
238 1109 377 1152 animi
417 1110 555 1160 bona,
601 1111 673 1152 vel
712 1110 850 1162 mala,
898 1111 1043 1153 omnis
1082 1112 1306 1166 dirigenda

147 1170 286 1210 oratio
317 1175 393 1208 est.
465 1165 618 1221 Quum
647 1176 791 1209 autem
824 1166 877 1207 de
908 1182 1048 1222 aequo
1082 1175 1126 1209 et
1153 1168 1304 1223 iniquo

145 1225 393 1268 disseritur.
425 1224 649 1277 aequitatis
682 1224 761 1264 loci
785 1222 1063 1279 colliguntur.
1113 1224 1174 1265 Hi
1204 1240 1304 1266 cer-

143 1291 309 1325 numm·
337 1280 563 1335 bipartito,
595 1288 636 1320 et
667 1287 842 1320 natura.
875 1288 917 1321 et
945 1281 1157 1322 instituto.
1207 1283 1302 1335 Na:

144 1346 243 1381 tura
271 1345 418 1394 partes
450 1337 577 1378 habet
606 1336 737 1384 duas,
766 1337 997 1378 tuilionem
1028 1338 1117 1386 sui,
1160 1345 1203 1379 et
1228 1338 1303 1379 ul-

145 1395 334 1437 ciscendi
373 1393 454 1435 ius.
522 1393 722 1435 Instituto
760 1402 909 1435 autem
947 1394 1177 1450 aequitas¹
1220 1395 1300 1436 tri-

140 1453 300 1510 partita
318 1458 401 1491 est:
445 1465 532 1491 una
554 1465 677 1508 pars,
709 1450 901 1506 legitima
921 1459 1009 1499 est,
1039 1451 1172 1492 altera
1192 1466 1302 1493 con-

141 1510 346 1556 veniens,
400 1507 524 1549 tertia
573 1507 710 1548 moris
763 1514 977 1549 vetustate
1029 1507 1299 1550 confirmata.

143 1567 313 1622 [Atque
344 1564 474 1605 etiam
505 1579 657 1606 rursus
688 1564 899 1619 aequitas,
945 1564 1160 1620 tripartita
1190 1565 1301 1606 dici-

142 1632 215 1666 tur
244 1637 358 1666 esse:
398 1636 485 1662 una
503 1620 557 1663 ad
581 1635 762 1676 superos
794 1620 919 1671 deos,
949 1620 1082 1662 altera
1110 1620 1163 1662 ad
1197 1636 1299 1662 ma-

139 1696 239 1728 nes,
278 1679 406 1721 tertia
438 1678 490 1720 ad
522 1678 719 1719 homines
739 1678 974 1734 pertinere.
1033 1677 1182 1719 Prima
1205 1678 1298 1734 pie—

139 1747 229 1784 tas,
273 1735 463 1778 secunda
491 1735 716 1787 sanctitas,
771 1733 899 1777 tertia
927 1733 1089 1777 iustitia
1117 1743 1191 1777 aut
1219 1750 1297 1778 ae-

138 1794 277 1851 quitas
308 1794 603 1847 nominatu1·.]
625 1795 646 1815 2

222 1882 394 1925 XXIV.
453 1882 522 1923 De
562 1872 931 1937 proposito'satis
958 1880 1120 1924 multa:
1168 1879 1296 1922 dein-

138 1954 240 1996 ceps
270 1940 325 1980 de
355 1952 481 1979 causa
511 1938 718 1996 pauciora
749 1940 931 1981 dicenda
958 1947 1074 1981 sunt.
1140 1937 1294 1980 Plera·

137 2012 223 2052 que
252 1996 370 2038 enim
401 2003 502 2037 sunt
532 1996 574 2037 ei
603 2011 704 2037 cum
733 1997 959 2053 proposito
989 1994 1256 2038 communia.

186 2115 224 2158 1)
252 2114 365 2159 Vulgo
388 2115 558 2147 institutio
579 2122 691 2148 autem
716 2116 896 2159 aequitatis
913 2116 1084 2161 tripartita
1101 2121 1164 2149 est.

184 2182 224 2224 2)
250 2182 358 2214 Uncis
380 2181 518 2214 inclusa
546 2183 635 2215 adeo
663 2184 785 2226 inepta
805 2188 906 2222 sunt,
950 2189 990 2216 ut
1018 2195 1087 2215 non
1109 2180 1294 2227 potuerint

137 2239 161 2259 a
189 2228 352 2260 Cim-one
376 2227 494 2260 scribi.
