1394 2503
163 146 230 182 242
619 143 874 181 eiCERoNIs

165 220 476 265 terminatione
505 221 794 264 concluditur.
840 222 992 279 Atque
1012 225 1164 266 omnia
1185 223 1257 266 illa
1286 231 1330 267 et

165 280 313 338 prima
343 287 386 321 et
407 279 554 321 media
584 279 718 320 verba
756 287 952 336 spectare
985 281 1144 323 debent
1173 281 1225 322 ad
1255 281 1330 322 ul-

164 338 340 380 timum.
397 335 627 378 Interdum
661 336 778 377 enim
798 351 953 378 cursus
973 338 1100 381 estin
1130 338 1329 380 oratione

164 393 410 444 incitatior,
459 393 682 435 interdum
725 393 954 435 moderata
995 394 1231 449 ingressio:
1277 406 1328 436 ut

162 451 255 493 iam
284 466 310 492 a
338 449 557 507 principio
587 450 829 492 videndum
851 449 920 502 sit,
949 451 1324 505 quemadmodum

163 507 272 550 velis
287 507 442 549 venire
462 506 514 548 ad
534 514 799 547 extremum.
829 507 874 549 N
878 522 926 549 ec
942 506 990 548 in
1003 508 1200 550 numeris
1224 523 1325 550 ma-

162 565 252 620 gis,
283 577 416 620 quam
435 563 484 605 in
515 564 694 619 reliquis
710 564 980 606 ornamentis
999 565 1225 615 orationis,
1246 579 1325 607 ea-

163 622 266 668 dem
294 635 435 676 quum
462 620 697 672 faciamus,
725 637 838 676 quae
866 629 1048 678 poetae,
1086 620 1323 678 effugimus

162 686 312 721 tamen
341 678 390 720 in
411 678 614 719 oratione
631 679 848 734 poematis
872 678 1214 720 similitudinem.
1245 679 1326 721 Est

160 735 284 778 enim
313 735 360 776 in
389 742 580 790 utroque
609 743 651 776 et
683 736 869 777 materia
899 743 942 776 et
970 736 1194 778 tractatio:
1222 749 1325 778 ma-

160 792 273 834 teria
302 792 352 833 in
372 791 544 841 verbis,
581 791 782 833 tractatio
813 792 860 832 in
900 792 1182 834 collocatione
1219 807 1325 836 ver-

159 849 334 891 borum.
393 849 435 889 T
439 863 572 889 ernae
602 856 747 890 autem
776 856 878 890 sunt
905 849 1133 905 utriusque
1162 857 1324 906 partes.

158 906 437 949 Verborum:
454 909 469 928 ¹
493 905 962 957 translatummovum,
980 905 1201 962 priscum3
1218 919 1324 947 nam

158 962 213 1004 de
242 963 435 1019 propriis
464 962 575 1004 nihil
605 961 688 1003 hoc
718 962 815 1004 loco
848 961 1049 1004 dicimus.
1116 963 1324 1005 Colloca-

157 1020 293 1062 tionis
324 1027 496 1069 autem,
528 1033 626 1071 eae,
658 1033 766 1074 quas
795 1018 1009 1062 diximus:
1048 1019 1327 1077 compositio,'

159 1077 443 1125 concinnitas,
474 1088 703 1128 numerus,
733 1076 806 1117 sed
827 1075 875 1117 in
900 1085 1086 1132 utroque
1108 1076 1323 1132 frequen·—

158 1133 292 1176 fiores
311 1140 428 1184 sunt,
446 1140 490 1174 et
507 1132 737 1174 liberiores
754 1140 920 1188 poetae.
977 1135 1093 1174 Nam
1113 1142 1153 1176 et
1172 1141 1321 1175 trans-

158 1190 312 1233 ferunt
339 1189 476 1231 verba
505 1197 599 1231 tum
631 1188 848 1238 crebrius,
891 1196 988 1230 tum
1017 1191 1150 1231 ctiam
1181 1189 1322 1231 auda-

158 1247 275 1289 cius:
308 1254 351 1288 et
379 1246 533 1302 priscis
573 1246 780 1287 libentius
818 1253 1026 1298 utuntur,
1069 1254 1111 1287 et
1141 1245 1320 1288 liberius

155 1303 297 1346 novis.
355 1302 485 1357 Quod
521 1301 643 1344 idem
670 1300 722 1342 fit
750 1302 796 1343 in
827 1303 1050 1344 numeris:
1080 1304 1128 1345 in
1159 1302 1320 1358 quibus

157 1361 283 1416 quasi
312 1359 558 1400 necessitati
589 1364 748 1417 parere
770 1367 997 1415 coguntur.
1057 1359 1140 1401 Sed
1169 1367 1318 1403 tamen

154 1417 265 1460 haec
296 1431 378 1458 nec
407 1416 541 1458 nimis
573 1431 666 1458 esse
696 1416 884 1465 diversa,
914 1431 1062 1471 neque
1079 1415 1204 1458 nullo
1226 1431 1320 1458 non

154 1474 287 1516 modo
307 1475 329 1495 2
358 1474 591 1514 coniuncta
612 1472 793 1528 intelligi
814 1472 928 1516 licet.
987 1473 1051 1515 Ita
1069 1471 1131 1525 fit,
1161 1480 1210 1514 ut
1229 1488 1318 1515 non

153 1531 261 1574 item
282 1529 330 1571 in
345 1530 556 1580 oratione,
576 1537 626 1571 ut
644 1529 690 1570 in
713 1544 858 1581 versu,
886 1544 1101 1571 numerus
1120 1533 1312 1572 exstetz³

153 1587 313 1643 idque3
356 1587 472 1642 quod
505 1601 795 1628 numerosum
821 1586 880 1628 'in
911 1587 1112 1629 oratione
1142 1586 1314 1638 dicitur,

151 1659 246 1686 non
274 1657 450 1699 semper
486 1657 675 1684 numero
714 1641 814 1691 fiat,
854 1643 927 1684 sed
974 1656 1312 1698 nonnumquam

154 1706 229 1743 au‘t
257 1701 563 1752 concinnitate,
588 1709 664 1742 aut
691 1699 1015 1742 constructione
1043 1699 1298 1742 verborum.

200 1890 238 1937 1)
263 1885 366 1927 Male
383 1893 491 1939 vulgo
509 1893 796 1940 inte'rpwzgz'tur:
821 1891 958 1926 'remae
973 1905 1020 1922 ο-
1032 1891 1210 1935 utriusque
1226 1897 1312 1935 pari

153 1944 203 1971 res
233 1939 441 1973 verborum:
467 1939 687 1974 Translatum
711 1958 769 1978 -,

197 2014 237 2058 2)
268 2014 406 2060 Vulgo:
433 2028 548 2061 neque
566 2017 640 2049 ullo
659 2016 766 2049 modo
788 2014 984 2053 coniuncta,
1007 2024 1156 2057 prorsus
1178 2013 1308 2057 inepte.

151 2061 211 2093 Sic
233 2060 328 2111 enim
353 2061 508 2094 alterum
527 2062 780 2094 disiunctionis
806 2058 999 2095 membrum
1018 2057 1115 2091 nihil
1146 2057 1310 2102 dffirret

147 2116 170 2137 α
198 2114 332 2150 przore.

190 2181 225 2226 3)
249 2183 274 2216 i.
299 2194 328 2214 e.
351 2183 545 2226 manifesto
577 2189 767 2230 appareat.
821 2183 881 2217 Sic
901 2182 945 2218 do
964 2182 1066 2217 Orat.
1091 2184 1126 2217 Ι.
1162 2182 1214 2218 16.
1238 2193 1306 2227 ap-

142 2235 242 2268 paret
276 2236 379 2273 atque
411 2236 534 2263 exstat.
