1394 2503
134 172 179 206 24
481 164 736 207 mciznoms
761 174 952 208 Bau'scs

135 251 394 302 humatum3
423 252 609 300 addidit,
641 251 771 295 fuisse
797 253 1090 311 suspicionem
1120 269 1291 296 veneno

137 309 220 349 sibi
275 309 537 351 conscivisse
583 319 794 351 mortem:
879 312 993 352 huuc
1039 311 1109 353 isti
1157 312 1291 360 aiunt,

137 380 275 421 quum
314 375 490 407 taurum
529 367 864 414 immolavisset,
919 370 1142 425 excepisse
1185 383 1293 409 san-

139 423 319 478 guinem
359 431 525 477 patera,
567 431 609 464 et
645 438 695 464 eo
733 432 833 479 poto
874 432 1101 466 mortuum
1140 425 1292 466 conei-

141 479 266 520 disse.
325 480 451 521 Hanc
492 481 609 521 enim
646 488 836 521 mortem
875 480 1091 523 rhetorice
1127 489 1168 522 et
1196 489 1292 523 tra-

139 537 233 590 gice
262 550 418 577 ornare
447 545 707 592 potum-unu
738 537 812 578 illa
838 552 953 578 mors
976 538 1165 593 vulgaris
1185 538 1290 580 nul-

139 595 228 634 lam
259 593 493 647 praebebat
524 594 749 635 materiem
781 594 831 634 ad
866 602 1082 635 ornatum.
1124 593 1290 648 Quare,

142 650 351 704 quoniam
380 650 439 691 ita
470 650 544 691 tibi
576 654 589 672 ¹
623 651 828 705 quadrat,
887 651 1034 692 omnia
1072 651 1205 693 fuisse
1241 652 1291 692 in

141 706 441 748 Themistocle
469 707 592 764 paria
625 714 667 748 et
697 708 735 749 in
768 707 1017 756 Coriolano,
1042 711 1063 731 z
1091 716 1290 764 pateram

139 778 312 819 quoque
343 779 366 804 a
398 779 467 804 me
494 778 637 808 sumas
666 764 785 814 liet-tg
814 764 1031 820 praebebo
1053 768 1184 806 etiam
1208 763 1290 805 bo-

139 821 293 868 stiam,
334 829 381 862 ut
419 821 676 863 Coriolanus
715 821 767 864 sit
805 822 934 876 plane
962 821 1071 862 alter
1101 821 1291 862 Themi-

138 878 306 919 stocles.
592 923 598 930 Ἰ,

223 935 287 976 Sit
317 950 440 987 sane,
490 927 693 991 inquam,
752 942 800 976 ut
827 935 965 985 lubet,
1015 933 1067 974 de
1094 933 1198 974 isto:
1248 940 1290 974 et

139 989 219 1047 e‘g'o
261 992 427 1033 cautius
473 992 652 1048 posthac
695 992 922 1034 historiam
962 999 1193 1044 attingam,
1243 997 1288 1030 te

134 1048 362 1099 audiente3
395 1063 525 1104 quem
555 1065 704 1090 rerum
736 1049 1035 1090 Romanarum
1067 1055 1288 1088 auctorem

132 1105 312 1146 laudare
353 1120 533 1162 possum
583 1106 970 1160 religiosissimum.
1057 1104 1141 1145 Sed
1191 1112 1287 1145 tum

131 1162 226 1203 fere
249 1162 451 1214 Pericles,
471 1162 714 1219 XantbiPpi
736 1161 861 1208 filius,
876 1162 927 1202 ‹le
951 1175 1037 1215 quo
1061 1168 1160 1200 ante
1176 1160 1284 1206 dixi,

132 1219 305 1274 primus
339 1219 536 1260 adhibuit
568 1219 828 1268 doctrinam3
879 1232 989 1272 quae
1018 1230 1284 1271 quamquam

134 1286 227 1317 mm
260 1275 377 1316 nulla
407 1283 497 1317 erat
528 1274 710 1326 dicendi,
740 1284 901 1323 tamen,
933 1275 984 1315 ab
1015 1273 1286 1328 Anaxagora

131 1332 316 1388 physico
344 1331 560 1382 eruditus,
591 1331 950 1373 exercitationem
980 1329 1136 1370 mentis
1163 1345 1187 1370 a
1211 1344 1284 1370 re-

133 1389 316 1430 conditis
347 1389 636 1441 abstrusisque
663 1388 790 1434 rebus
827 1389 877 1428 ad
910 1402 1058 1428 causas
1090 1386 1284 1428 forenses

131 1445 452 1503 popularesque
491 1445 619 1486 facile
659 1446 928 1486 traduxerat.
998 1443 1143 1484 Huius
1181 1457 1297 1488 suaa

131 1502 264 1543 vitate
294 1502 487 1543 maxime
517 1501 726 1543 hilm-atae
757 1509 856 1542 sunt
886 1499 1110 1550 Athenae3
1141 1502 1154 1526 ³
1199 1499 1285 1540 hu-

129 1558 196 1600 ius
229 1559 470 1600 ubertatem
501 1566 541 1600 et
578 1558 750 1614 copiam
780 1558 1043 1607 admiratae,
1089 1555 1284 1598 eiusdem

131 1615 222 1657 vim
253 1614 425 1657 dicendi
455 1625 753 1670 terroremque
783 1615 1040 1655 timuerunt.

215 1702 315 1747 XII.
383 1704 507 1745 Haec
557 1704 693 1759 igitur
742 1709 857 1743 aetas
905 1701 1047 1758 prima
1098 1699 1285 1742 Athenis

131 1768 354 1808 oratore-m
392 1775 532 1817 prope
571 1759 811 1816 perfectum
852 1758 962 1800 tulit.
1030 1757 1125 1798 Nec
1168 1756 1286 1798 enim

129 1816 176 1857 in
208 1817 567 1858 constituentibus
590 1831 682 1857 rem
713 1814 958 1872 publicam,
992 1830 1067 1855 nec
1098 1813 1144 1855 iu
1175 1813 1288 1854 bella

128 1874 402 1928 gerentibus,
437 1889 515 1915 nec
546 1874 592 1916 in
624 1872 840 1930 impeditis
873 1887 922 1912 ac
953 1886 1106 1926 regum
1140 1869 1286 1910 ‹lomi-

129 1929 305 1971 natione
344 1930 576 1981 devinctis,
617 1930 735 1974 nasci
766 1928 976 1983 cupiditas
1008 1926 1180 1968 dicendi
1209 1940 1286 1966 so-

126 1985 200 2027 let.
273 1986 395 2029 Pacis
439 1995 502 2028 est
539 2002 705 2034 comes,
750 1985 910 2039 otiique
942 1984 1082 2032 socia,
1127 1981 1285 2023 etiam

125 2042 236 2084 bene
267 2044 528 2086 constitutae
562 2042 749 2086 civitatis
789 2042 1120 2098 quasi-alumna.
1149 2053 1286 2093 quae-

174 2151 205 2191 1)
233 2152 291 2183 Sic
317 2153 370 2183 cd.
399 2153 536 2186 Omnib.
574 2154 676 2197 fulg.
703 2155 765 2188 tibi
791 2155 849 2186 ita.

171 2201 205 2235 α’)
231 2197 289 2228 Sic
312 2199 477 2230 Jamnbin.
512 2200 616 2243 fulg.
646 2208 679 2233 et
705 2201 904 2234 Coriolano.

173 2241 214 2283 5)
240 2241 406 2278 hilaratae
435 2245 589 2278 Athenae
615 2253 693 2280 sunt
723 2249 788 2279 Cu.
825 2257 849 2277 ι.
877 2256 907 2274 2·-
