1394 2503
129 101 197 136 :280
579 87 837 126 c1cER0N1s

138 175 312 219 <luciam
350 169 588 228 acceperit:
655 170 784 214 debet
821 172 953 214 etiam
982 180 1258 231 procurator.
1271 173 1297 196 “

136 235 258 277 Haec
288 245 345 272 ex
373 228 574 285 pluribus
601 228 864 285 perveniens
885 245 970 285 quo
993 230 1113 280 vult,
1144 230 1300 287 appel-

137 292 255 334 latur
285 285 514 330 inductio.-
569 299 682 340 quae
712 301 864 341 graece
893 284 1081 342 ἐπαγωγῆ
1102 291 1117 312 ¹
1149 286 1302 329 nomi-

139 356 296 397 natum
337 358 425 400 qua
452 342 701 399 plurimum
734 351 799 384 est
829 358 930 384 usus
960 345 1005 386 in
1026 344 1305 387 sermonibus

141 406 357 447 Socrates.
429 399 636 442 Alterum
665 400 961 443 similitudinis
991 416 1128 457 genus
1158 400 1306 443 colla-

142 462 263 506 tione
290 456 500 508 sumitur,
551 471 689 513 quum
729 473 818 499 una
848 473 918 499 res
947 458 1048 508 uni,
1102 472 1181 514 par
1211 460 1309 516 pari

144 523 454 573 comparatur,
486 514 568 555 hoc
586 516 740 557 modo:
797 514 1241 570 ,‚Quemadmodum,
1271 515 1308 558 si

142 576 193 619 in
221 573 334 617 urbe
362 571 416 613 de
439 570 601 614 finibus
631 573 927 615 controversia
958 579 1042 619 est,
1070 572 1170 628 quia
1199 571 1310 615 fines

146 630 286 687 magis
324 643 538 685 agrorum
576 629 784 672 videntur
825 645 940 680 esse,
989 643 1122 685 quam
1163 629 1311 682 urbis,

145 689 310 735 finibus
340 685 549 741 regundis
585 686 758 742 adigere
787 686 1002 729 arbitrum
1029 701 1118 728 non
1149 687 1314 743 possis:

149 747 232 798 sic,
278 744 316 787 si
355 757 467 798 aqua
494 743 646 799 pluvia
678 743 725 784 in
764 744 872 785 urbe
904 752 1055 792 nocet,
1101 744 1315 799 quoniam

148 819 221 848 res
248 809 340 843 tota
369 798 507 856 magis
528 814 738 856 agrorum
763 809 847 850 est,
879 816 1019 856 aquae
1041 801 1216 858 pluviae
1236 816 1318 844 ar·-

138 858 314 910 ,candae
342 857 516 912 adigere
546 873 638 899 non
660 859 800 915 possis
823 858 1084 900 arbitrum.“
1142 859 1215 901 Ex
1237 873 1319 900 eo-

152 918 254 960 dem
284 912 581 956 similitudinis
611 915 707 956 loco
739 915 873 956 etiam
897 914 1105 973 exempla
1125 930 1319 958 sumun-

150 984 250 1025 tur,
303 980 353 1014 ut
389 971 570 1013 Crassus
608 972 657 1013 in
696 972 892 1014 Curiana
928 987 1059 1014 causa
1101 971 1321 1029 exemplis

142 1028 362 1107 ⁴plurimis
401 1042 506 1069 usus
546 1036 630 1077 est,
681 1043 811 1085 agens
850 1028 903 1070 de
944 1045 1019 1080 eo,
1070 1029 1146 1087 qui
1184 1038 1345 1072 testa-‘

153 1094 307 1132 mento
337 1085 398 1127 sic
427 1083 671 1128 heredem2
699 1087 978 1139 instituisset,
1023 1095 1092 1138 ut,
1133 1086 1169 1128 si
1199 1086 1321 1129 filius

155 1153 288 1188 natus
318 1151 431 1185 esset
458 1141 508 1184 in
546 1142 698 1185 decem
734 1145 982 1194 mensibus,
1029 1143 1154 1199 isque
1192 1158 1322 1185 mor-

156 1212 258 1246 tuus
288 1200 437 1257 prius,
486 1215 619 1255 quam
651 1201 696 1242 in
738 1216 862 1241 suam
892 1199 1077 1241 tutelam.
1108 1200 1299 1242 venisset
1309 1214 1325 1251 3

158 1257 374 1303 secundus
397 1257 524 1298 heres
546 1256 836 1299 hereditatem
861 1257 1096 1299 obtineret.
1115 1260 1130 1285 ³
1193 1257 1324 1314 Quae

159 1313 522 1359 commemoratio
553 1316 867 1371 exemplorum
885 1314 1048 1365 valuit3
1087 1327 1223 1368 eaque
1244 1329 1326 1356 vos

160 1374 207 1417 in
236 1368 545 1428 respondendo
577 1372 642 1413 uti
676 1372 864 1413 multum
897 1371 1054 1413 soletis.
1088 1371 1238 1423 >Ficta
1258 1379 1328 1414 et-

160 1430 252 1474 iam
284 1426 492 1482 exempla
520 1427 816 1470 similitudinis
847 1427 1141 1478 l1abentvim3
1180 1428 1254 1471 sed
1275 1443 1328 1472 ea

164 1485 360 1529 oratoria
383 1484 523 1538 magis
541 1493 665 1536 sunt,
696 1500 829 1541 quam
849 1483 1016 1536 vestiaj
1054 1500 1325 1540 quamquam

162 1545 232 1588 uti
262 1543 396 1585 etiam
427 1554 506 1581 vos
536 1543 707 1593 soletis,
739 1543 809 1583 sed
841 1541 924 1583 hoc
945 1541 1100 1582 modo:
1158 1542 1330 1596 „Finge

163 1599 386 1655 mancipio
415 1597 604 1652 aliquem
636 1599 806 1640 dedisse
837 1599 902 1649 id,
950 1599 1067 1654 quod
1105 1599 1329 1655 mancipio

166 1657 263 1700 dari
291 1669 386 1698 non
414 1663 570 1712 potest.
624 1656 747 1697 Num
777 1655 935 1696 iccirco
964 1655 1007 1696 id
1039 1655 1132 1696 eius
1163 1654 1332 1698 factum

167 1724 253 1762 est,
297 1711 375 1770 qui
405 1712 605 1769 accepit?
656 1721 730 1754 aut
759 1727 867 1753 num
896 1712 956 1764 is,
1002 1712 1078 1765 qui
1106 1712 1332 1771 mancipio

167 1770 308 1822 dedit,
350 1768 406 1811 ob
435 1783 525 1809 eam
556 1784 655 1813 rem
684 1785 730 1813 se
761 1769 850 1812 ulla
879 1785 929 1811 re
957 1769 1229 1826 obligavit?“
1280 1770 1334 1813 In

169 1863 545 1881 ψ.-

217 1928 249 1972 1)
273 1926 444 1974 ἐπαγωγή
465 1927 564 1960 dedit
582 1929 671 1962 Em.
694 1926 901 1961 auctorilms
921 1930 1029 1962 Turn.
1051 1933 1087 1960 et
1103 1925 1242 1966 Lamb„
1266 1936 1336 1972 pro

169 1974 320 2019 vulgato
354 1970 574 2021 παραγωγῆς
606 1987 691 2006 nam
723 1975 821 2016 apud
843 1973 1077 2008 Aristotelem
1110 1976 1195 2017 Top.
1219 1975 1249 2005 Ι.
1281 1984 1336 2006 12.

171 2018 328 2063 Analyt.
351 2030 411 2063 pr.
433 2020 489 2053 ll.
519 2020 575 2052 25.
599 2028 635 2052 et
660 2019 751 2052 alibi
774 2020 935 2052 inductio
950 2020 1087 2053 dicitur
1106 2014 1292 2065 ἐπαγωγή.

216 2100 257 2143 2)
281 2100 455 2131 Fortasse
472 2096 662 2132 delendum
685 2105 738 2132 est
764 2097 942 2132 heredem.

218 2180 257 2221 Β)
284 2178 342 2211 Sic
361 2177 487 2210 Romi.
509 2174 633 2209 Lamb.
654 2177 742 2209 Ern.
767 2180 814 2210 In
833 2177 957 2210 mullis
981 2183 1034 2210 est
1055 2176 1274 2210 obtinuisset.
