1394 2503
197 123 516 161 PARTiTIONES
547 122 841 158 ORATORIAE.
872 122 974 157 CAP.
1002 135 1053 159 ιι.
1082 136 1133 165 12.
1177 126 1244 173 5²7

196 205 276 249 XI.
303 205 357 248 F.
389 203 508 262 Quid
521 203 541 245 ’ἒ
580 201 845 244 definitionis
886 216 998 258 quae
1033 204 1147 247 ratio
1178 214 1244 249 est

88 271 130 306 et
158 275 269 318 quae
298 263 400 304 via?

65 336 69 337 ⁷
166 319 224 362 P.
254 319 360 361 Non
398 317 579 360 dubium
610 313 746 359 est'id
778 316 979 373 quidem,
1020 317 1128 373 quin
1158 317 1239 360 tle-

83 376 226 418 finitio
264 391 424 432 genere
453 374 716 425 declaretur,
750 381 792 415 et
820 375 1091 430 proprietate
1122 389 1236 431 qua-

83 432 214 485 dam,
251 441 324 475 aut
365 432 499 474 etiam
537 431 842 472 communium
873 429 1138 486 frequentia,
1177 448 1235 477 ex

80 490 258 546 quibus,
288 488 521 547 proprium
540 488 643 544 quid
666 490 733 539 sit,
764 488 944 529 eluceat.
1004 488 1088 530 Sed
1118 504 1235 544 quo-

79 547 204 589 niam
242 548 294 588 de
346 546 534 601 propriis
587 544 725 586 oritur
772 545 1033 600 plerumque
1072 559 1236 601 magna

80 604 307 654 dissensio,
339 601 635 648 definiendum
665 613 727 644 est
748 615 874 657 saepe
904 616 962 642 ex
992 603 1235 653 contrariis,

79 676 209 717 saepe
237 661 367 702 etiam
398 675 451 700 ex
484 658 789 708 dissimilibus,
838 672 965 714 saepe
1007 673 1064 699 ex
1104 660 1234 715 pari·

78 717 175 759 bus.
235 717 534 773 Quamobrem
573 715 884 771 descriptiones
924 729 1100 771 quoque
1130 724 1233 759 snnt

77 774 127 816 in
166 774 249 816 hoc
300 788 460 829 genere
502 787 630 829 saepe
677 781 825 829 aptae,
876 779 918 812 et
956 774 1228 815 enumeratio

76 831 458 887 consequentium,
508 829 799 885 inprimisque
848 836 1099 870 commovet
1143 844 1228 872 ex-

73 888 246 945 plicatio
276 886 471 929 vocabuli
499 901 547 926 ac
568 886 784 927 nominis.

188 989 290 1031 XII.
347 988 401 1030 F.
429 990 541 1030 Sunt
569 988 770 1045 exposita
788 987 877 1028 iam
898 987 992 1028 fere
1021 1002 1083 1039 ea,
1115 1002 1229 1044 quae

71 1044 124 1087 de
152 1044 294 1099 facto,
324 1060 521 1100 quaeque
555 1045 607 1086 de
636 1044 738 1088 facti
767 1044 1058 1100 appellatione
1089 1059 1230 1100 quae-

68 1110 243 1144 runtur.
299 1103 475 1158 Nempe
492 1102 624 1157 igitur
653 1117 703 1143 ea
726 1108 901 1147 restant,
933 1116 1056 1155 quae,
1088 1116 1226 1156 quum

67 1158 235 1200 factum
261 1167 449 1211 constet,
481 1166 523 1199 et
551 1173 740 1209 nomen,
780 1157 923 1214 qualia
953 1157 1059 1210 sint,
1088 1173 1224 1200 voca-

67 1223 140 1257 tur
168 1216 214 1257 in
247 1214 446 1257 dubium.

150 1273 211 1315 P.
242 1274 320 1315 Est
348 1271 434 1322 ita,
461 1280 511 1314 ut
542 1273 659 1315 dicis.

142 1332 210 1415 OF.
249 1328 375 1383 Quae
414 1337 517 1371 sunt
559 1330 779 1385 igiturvin
817 1344 869 1372 eo
907 1345 1069 1389 genere
1109 1342 1222 1386 pare

65 1394 130 1428 tes
148 1417 158 1427 .

151 1443 207 1485 P.
237 1442 330 1484 Aut
358 1443 454 1485 iure
480 1443 671 1495 factum,
712 1444 955 1501 depellendi
994 1452 1068 1485 aut
1104 1444 1220 1486 ulci-

64 1498 211 1542 scendi
249 1499 411 1541 doloris
449 1501 612 1554 gratia,
649 1508 723 1541 aut
747 1502 946 1557 pietatis,
984 1508 1059 1542 aut
1085 1499 1219 1556 pudi-

64 1556 213 1608 citiae,
242 1564 318 1598 aut
345 1556 588 1612 religionis,
618 1565 694 1597 aut
722 1557 888 1613 patriae
917 1558 1112 1606 nomine,
1141 1563 1217 1598 aut

61 1613 251 1668 denique
280 1614 553 1666 necessitate,
580 1613 772 1663 inscitia,
802 1629 917 1655 casu.
957 1614 1077 1655 Nam
1106 1627 1218 1669 quae

62 1677 187 1711 motu
214 1671 352 1712 animi
380 1679 423 1713 et
438 1669 767 1727 perturbatione
799 1670 910 1712 facta
930 1671 1024 1712 sine
1045 1672 1215 1712 ratione

63 1733 187 1777 sunt,
217 1742 268 1768 ea
295 1725 598 1770 defensionem
635 1735 789 1770 contra
814 1728 1003 1779 crimen,
1031 1727 1077 1768 in
1104 1727 1217 1782 legi-

62 1781 183 1823 timis
220 1782 413 1832 iudiciis,
463 1799 554 1825 non
583 1784 766 1837 habent,
805 1785 852 1825 in
890 1784 1038 1826 liberis
1067 1783 1213 1825 disce—

60 1839 325 1896 ptationibus
343 1839 504 1882 habere
520 1848 718 1896 possunt.
774 1843 875 1884 Hoc
896 1841 943 1882 in
961 1855 1134 1897 genere,
1162 1842 1211 1882 in

64 1911 176 1950 quo,
229 1895 357 1951 quale
397 1896 474 1949 sit,
521 1897 772 1952 quaeritur,
811 1902 828 1921 ¹
873 1898 973 1939 iure
1011 1904 1053 1938 et
1090 1904 1210 1939 recte

60 1967 143 1994 nec
164 1967 219 1993 ne
248 1955 270 1976 2
299 1960 446 1995 actum
467 1953 545 2005 sit,
575 1954 729 2010 quaeri
747 1952 877 1997 solet:
906 1969 1098 2013 quorum
1118 1953 1211 2003 dist

104 2080 138 2123 1)
167 2079 270 2125 Vulg.
292 2081 438 2114 additur
457 2095 499 2117 ex
518 2088 767 2129 controversia,
784 2087 878 2133 quod
895 2087 953 2120 hic
972 2087 1131 2132 ineptum
1144 2090 1209 2118 esf·

150 2124 224 2175 Csr.
241 2127 282 2158 de
303 2128 403 2162 orat.
421 2131 477 2162 II.
500 2131 556 2164 26.
608 2134 739 2177 Itaque
755 2133 922 2179 expunxi.

104 2171 369 2250 αλδῖιέωθὲιίξῖβ
390 2185 413 2206 a
437 2186 548 2210 manu
568 2178 786 2213 correctoris.
854 2177 969 2224 Vulgo
1005 2183 1040 2213 et
1068 2182 1209 2212 rectene

148 2230 185 2249 al:
323 2242 331 2251 ·
