1394 2503
209 166 244 200 S.
268 165 329 198 DE
355 163 522 198 CLARIS
547 161 851 198 ORATORIBUS
877 160 979 194 CAP.
1007 162 1062 195 46.
1089 164 1144 206 47.
1208 165 1253 208 73

105 246 275 291 toribus
312 243 448 286 ‘modo
488 249 692 298 apparet,
728 240 803 283 sed
842 242 971 282 etiam
1011 241 1060 283 in¹
1089 243 1255 284 ceteris.

106 307 201 360 Ego
229 301 410 344 memini
440 300 495 340 T.
525 300 714 341 Tincam
743 298 1068 345 Placentinum,
1103 299 1256 341 homi,

107 376 212 411 nem
250 357 581 407 facetissimum,
627 371 724 397 cum
766 354 970 397 familiari
1009 364 1157 398 nostro
1196 357 1255 413 Q.

110 417 276 459 Granio
302 429 519 472 praecone
550 413 770 455 dicacitate
800 420 976 453 certare.

194 475 328 525 Eon’,
355 471 496 528 inquit
526 470 709 522 Brutus,
748 469 801 510 de
826 483 912 524 quo
943 470 1081 510 multa
1118 469 1255 512 Luci-

107 531 227 573 lius?

196 589 284 629 Isto
320 587 441 642 ipso;
479 584 550 625 sed
587 584 773 624 Tincam
813 597 901 625 non
938 583 1085 623 minus
1121 583 1259 625 multa

112 644 298 688 ridicule
321 644 534 685 dicentem
559 641 750 682 Granius
775 639 979 680 obruebat
1006 640 1149 687 nescio
1173 655 1258 695 quo

115 717 272 757 sapore
301 699 558 748 vernaculo3
586 705 633 737 ut
661 712 739 752 ego
768 697 856 738 iam
888 711 976 736 non
1010 697 1169 746 mirer,
1200 697 1260 738 il-

114 758 189 800 lud
211 756 517 813 Theophrasto
531 754 752 802 accidisse,
783 753 899 809 quod
919 752 1092 801 (licitur,
1123 768 1260 807 quum

114 820 444 870 percontaretur
473 826 531 852 ex
560 811 728 852 anicula
757 810 970 866 quadam,
1001 813 1149 865 quanti
1179 811 1260 852 ali-

113 871 216 927 quid
248 870 476 919 venderet,
510 875 551 908 et
579 868 864 922 respondisset
894 867 988 913 illa,
1019 875 1148 923 atque
1179 867 1262 908 ad-

112 928 314 970 didisset:
352 925 548 982 Hospes‚
590 939 674 964 nost
704 931 808 974 pote
848 924 1066 971 mz'norz'53
1114 925 1263 966 tulisse

116 1000 219 1026 eum
247 983 448 1034 moleste,
489 997 533 1021 se
573 996 663 1021 non
704 981 895 1036 effugere
932 980 1120 1036 hospitis
1160 995 1262 1037 spe„

117 1042 255 1090 ciem,
285 1054 422 1094 quum
452 1045 632 1078 aetatem
663 1046 812 1090 ageret
831 1036 1040 1085 Athenis,
1070 1038 1263 1093 optime—

118 1113 205 1154 que
243 1096 504 1152 loqueretur.
582 1094 798 1140 Omnino,
841 1095 950 1134 sicut
991 1095 1175 1149 opinor,
1214 1094 1263 1135 in

117 1154 278 1197 nostris
309 1160 370 1194 est
398 1151 572 1206 quidam
606 1150 898 1202 urbanorum,
929 1150 1037 1191 sicut
1066 1151 1152 1193 illic
1178 1151 1266 1193 At-

117 1213 321 1261 ticorum,
351 1224 495 1250 sonus.
525 1208 607 1248 Sed
637 1207 818 1250 domum
845 1206 1090 1257 redeamus,
1120 1209 1163 1250 id
1189 1218 1262 1258 est,

118 1267 174 1310 ad
201 1277 374 1321 nostros
403 1273 690 1308 revertamur.
725 1269 739 1289 ¹

204 1380 389 1423 XLVII.
429 1378 611 1421 Duobus
639 1377 771 1433 igitur
801 1377 1003 1427 summis,
1036 1378 1196 1419 Crasso
1225 1384 1268 1420 et

119 1438 349 1488 Antonio,
404 1437 459 1479 L.
492 1435 720 1490 Philippus
759 1435 989 1490 proximus
1030 1435 1268 1487 accedebat,

121 1496 195 1537 sed
230 1496 358 1548 longo
389 1492 620 1535 intervallo
650 1504 799 1532 tamen
826 1492 1073 1546 proximus.
1121 1493 1268 1548 Itaque

121 1568 248 1603 eum,
288 1550 364 1592 etsi
393 1565 523 1590 nemo
553 1547 866 1593 intercedebat,
905 1548 980 1602 qui
1018 1564 1062 1588 se
1092 1549 1156 1590 illi
1186 1565 1269 1591 an·

120 1608 322 1654 teferret,
350 1620 493 1661 utaque
525 1604 763 1646 secundum
791 1612 960 1651 tamen,
1004 1619 1144 1659 neque
1173 1613 1267 1647 ter-

122 1666 234 1707 tium
270 1664 474 1706 dixerim.
534 1663 627 1703 Nec
666 1662 783 1702 enim
825 1661 869 1702 in
910 1660 1130 1717 quadrigis
1164 1678 1268 1704 eum

123 1721 360 1762 secundum
390 1718 742 1765 numeraverim,
770 1725 843 1758 aut
869 1720 1071 1762 tertium,
1099 1722 1169 1773 qui
1192 1721 1271 1761 vix

124 1793 150 1819 e
180 1776 419 1817 carceribus
450 1776 631 1819 exierit,
669 1789 812 1829 quum*
835 1775 1027 1830 palmam
1056 1775 1142 1817 iam
1172 1776 1269 1832 pri-

125 1848 225 1876 mus
255 1833 488 1888 acceperim
517 1847 597 1872 nec
626 1831 669 1871 in
703 1832 968 1879 oratoribus,
999 1833 1071 1885 qui
1099 1841 1269 1875 tautum

126 1890 238 1932 absit
265 1905 291 1930 a
317 1890 483 1946 prim0‚
511 1889 589 1929 vix
620 1897 668 1928 ut
697 1889 744 1929 in
775 1887 927 1929 eodem
942 1888 1158 1930 curriculo
1178 1905 1271 1932 esse

125 1947 339 1989 videatur.
412 1945 495 1987 Sed
535 1953 680 1986 tamen
719 1951 842 1984 erant
880 1959 929 1985 ea
970 1945 1014 1985 in
1053 1946 1270 2002 Philippo,

127 2017 265 2059 quae,
304 2004 378 2060 qui
416 2002 511 2043 sine
546 2001 868 2057 comparatione
896 2000 1070 2045 illorum
1100 2011 1271 2060 specta-

176 2142 208 2181 ι)
231 2142 307 2177 Aut
338 2143 373 2176 id
398 2150 469 2182 est,
503 2144 545 2176 ad
576 2151 710 2176 nostros
743 2151 951 2176 revertamur
975 2156 992 2176 e
1009 2144 1132 2188 glossa
1156 2159 1277 2179 acces-

125 2187 232 2227 uisse,
257 2194 322 2222 aut
344 2192 436 2224 ce‘rte
462 2188 648 2234 legendum
682 2189 841 2224 videtur:
866 2196 901 2223 et
928 2190 971 2223 ad
993 2198 1131 2225 nostros
1155 2205 1275 2226 rever·-

130 2242 248 2269 vamur.
