1394 2503
142 111 211 152 ⁵14
597 116 849 153 moERoms

228 195 286 241 P.
327 197 481 253 Quum
498 196 740 247 inveneris,
771 200 998 244 collocare..
1056 201 1108 244 In
1127 200 1302 248 infinita

146 254 449 310 quaestione,¹
483 255 591 295 ordo
621 264 685 297 est
711 255 828 298 idem
857 256 962 310 fere,
993 274 1126 315 quent
1156 276 1301 318 expo—

142 312 233 362 sui,
276 311 501 352 locorum:
553 312 598 353 in
640 311 819 354 definita
868 322 1014 357 autem
1053 317 1302 360 adhibenda

142 377 244 410 sunt
271 368 344 409 itta
377 376 532 419 etiam,
582 383 695 424 quae
737 370 791 411 ad
833 375 1016 413 motus2
1045 374 1300 419 animorum

137 434 372 485 pertinent.

143 511 146 515 .
223 483 279 526 F,
327 482 567 535 Quomodo
598 484 729 540 igitur
757 485 840 527 ista
877 487 1102 542 explicas?

226 541 284 582 P.
335 541 487 581 habeo
517 544 769 584 communia
806 554 1037 601 praecepta
1067 544 1202 587 fidem
1230 546 1302 588 sa-

140 596 283 639 ciendi
304 606 342 638 et
373 600 696 641 commovendi.
756 600 982 654 Quoniam
1006 602 1114 643 fides
1135 612 1197 645 est
1217 603 1300 645 fin-

138 669 213 697 :ma
243 655 411 710 opinio:
451 664 596 696 motus
627 667 796 709 autem,
835 658 973 700 animi
997 658 1193 702 incitatio
1223 669 1300 702 aut

138 713 189 754 ad
237 712 532 767 voluptatem,
585 724 658 755 aut
705 717 758 755 ad
799 715 1073 766 molestiam,
1124 724 1214 758 aut·
1241 718 1299 760 ad

135 776 329 820 metum,
370 777 445 810 aut
474 769 527 810 ad
557 772 859 827 cupiditatem:
905 780 1000 826 (tot
1036 773 1154 816 enim
1193 782 1298 815 sunt

134 834 283 869 motus
313 840 496 880 genera,
545 839 689 883 pat-tes
720 831 867 884 plures
897 845 1110 885 generum
1141 830 1299 886 siugu-

133 884 342 935 lorumz)
387 898 566 924 omnem
599 885 931 928 collocationem
973 887 1025 928 ad
1056 886 1190 930 finem
1223 903 1298 929 ac-

133 940 369 983 commodo
403 942 680 995 quaestionis.
746 945 865 988 Nam
895 952 960 986 est
988 947 1034 985 in
1064 947 1296 1003 proposito

135 997 260 1048 finis,
315 996 440 1038 fides:
510 999 554 1039 in
602 1014 732 1040 causa
779 1008 824 1042 et
871 1000 1003 1052 fides,
1052 1010 1094 1044 et
1134 1010 1296 1045 motus.

136 1056 290 1110 Quare
309 1070 445 1109 quum
458 1055 511 1097 de
524 1069 651 1097 causa
671 1057 899 1106 dixe1·0,in
922 1073 1008 1114 qua
1029 1066 1095 1100 est
1114 1067 1295 1102 utrum·-

129 1127 216 1169 que
249 1112 546 1168 propositum,
563 1116 578 1140 ³
633 1114 686 1155 de
714 1123 902 1171 utroque
930 1116 1101 1158 dixero.

217 1169 273 1211 F.
321 1168 439 1223 Quid
473 1169 603 1210 habes
633 1171 769 1225 igitur
810 1172 863 1213 de
899 1186 1027 1212 causa
1065 1172 1238 1214 dicere?

217 1227 276 1268 P.
317 1226 585 1268 Auditorum
605 1242 702 1269 eam
723 1242 886 1284 genere
908 1227 1129 1283 distingui.
1173 1230 1293 1272 Nam

131 1291 209 1325 aut
239 1283 509 1324 auscultator
543 1291 608 1324 est
636 1286 769 1325 modo
809 1285 885 1340 qui
916 1284 1057 1336 audit,
1094 1292 1170 1326 aut
1199 1286 1301 1327 dis«

133 1347 353 1395 ceptator‚
410 1339 454 1380 id
486 1347 572 1388 est,
631 1342 696 1382 rei
726 1341 1054 1397 sententiaeque
1081 1340 1293 1384 modera-

127 1405 224 1439 tor:
286 1397 367 1441 ita,
417 1404 465 1436 ut
493 1405 568 1438 aut
599 1397 862 1451 delectetur,
914 1406 989 1439 aut
1020 1406 1181 1441 statuat
1209 1399 1291 1441 ali-

127 1455 247 1509 quid.
307 1451 467 1495 Statuit
494 1461 645 1495 autem
675 1462 749 1495 aut
770 1454 824 1496 de
842 1455 1113 1512 praeteritis,
1143 1463 1193 1497 ut
1212 1456 1289 1497 iu-

127 1512 237 1560 dex,
288 1517 365 1551 aut
404 1513 458 1550 de
496 1509 682 1561 suturis,
731 1520 780 1553 ut
817 1520 1008 1554 senatus.
1087 1511 1160 1555 Sic
1202 1513 1286 1553 tria

127 1578 233 1609 sunt
262 1581 446 1622 genera,
487 1567 656 1614 iudicii,
698 1567 1049 1619 deliberationis,
1089 1583 1287 1610 exorna-

123 1624 280 1666 tionis:
319 1638 444 1680 quae,
474 1625 572 1679 quia
598 1625 643 1666 in
668 1625 938 1668 laudationes
957 1625 1155 1668 maxime
1174 1641 1284 1667 con-

124 1682 290 1732 fertur,
329 1681 566 1739 proprium
594 1681 725 1723 habet
753 1682 841 1724 iam
872 1697 929 1725 ex
956 1699 1007 1724 eo
1036 1697 1215 1729 nomen.

207 1795 291 1839 IV,
347 1797 399 1834 F.
444 1795 567 1850 Quas
605 1810 676 1836 res
722 1794 804 1837 sibi
839 1806 1062 1855 proponet
1097 1796 1148 1840 in
1187 1795 1284 1838 istis

121 1853 262 1895 tribus
292 1850 527 1908 generibus
558 1853 741 1894 orator?

172 2025 203 2068 1)
232 2025 347 2070 Vulgo
375 2026 472 2059 cuius
493 2029 530 2062 in
546 2028 680 2062 infinita
698 2028 911 2074 quaestione.
957 2031 1068 2063 Recte
1092 2028 1188 2062 cuius
1209 2028 1284 2062 Er-

121 2070 259 2104 nestt’zm
281 2071 447 2113 inclusit,
482 2080 522 2106 ut
549 2076 721 2118 spurium.

167 2137 202 2181 2)
229 2139 287 2171 Sic
313 2138 367 2171 ed.
395 2138 482 2172 Van.
523 2139 638 2186 Vulgo
665 2131 810 2176 motum.

169 2202 205 2244 3)
236 2205 295 2235 lta
321 2207 487 2251 rescripsi
501 2218 571 2252 pro
593 2207 693 2253 vulg.
717 2209 752 2242 in
777 2222 841 2255 qua
867 2215 917 2243 est
940 2208 1171 2254 propositum.
