1394 2503
233 133 556 170 PARTITIONES
582 132 880 169 ORATORLAE.
928 134 1030 169 CAP.
1048 134 1083 169 4.
1173 135 1238 170 525

171 215 231 259 P.
275 213 624 256 Delectationem
659 213 707 254 in
737 212 1048 265 exornatione3
1096 217 1142 257 in
1171 215 1244 257 iu-

91 272 229 323 dicio,
266 278 343 313 aut
370 271 619 323 saevitiam,
650 277 727 312 aut
755 271 1033 314 clementiam
1060 271 1244 324 iudicis3

60 340 69 341 ’
90 331 141 374 in
168 329 369 371 suasione
403 335 574 379 autem,
627 334 704 369 aut
731 342 878 385 spem,
926 337 1002 372 aut
1032 330 1244 372 reformi-

88 387 315 430 dationem
337 385 628 427 deliberantis.

173 444 230 487 F.
273 444 366 485 Cur
414 442 550 498 igitur
598 441 782 497 exponis
821 441 904 483 hoc
940 441 1039 483 loco
1082 457 1246 498 genera

92 499 493 544 controversiarum
504 500 525 541 ’ἓ

174 558 233 601 Ρ.
267 556 325 598 Ut
361 556 578 597 rationem
622 554 862 598 collocandi
901 554 954 597 ad
994 555 1132 597 finem
1168 568 1248 596 cu-

89 615 249 670 iusque
277 612 621 654 accommodem.

175 672 230 715 F.
262 669 469 724 Quonam
497 669 674 711 tandem
705 668 867 711 modo?

129 776 131 778 ,
176 728 235 771 Ρ.
267 727 409 783 Quia,
451 726 610 781 quibus
640 730 686 768 in
717 725 989 768 orationibus
1018 724 1247 768 delectatio

89 784 194 828 finis
223 791 311 834 est,
340 784 451 825 varii
479 791 583 824 sunt
612 782 786 824 ordines
818 781 1070 824 collocandi.
1128 785 1247 825 Nam

87 849 449 895 aut-temporum
469 848 701 881 servantur
720 841 898 896 gradus',
928 846 1004 881 aut
1032 854 1248 894 generum

86 898 439 946 distributiones3
471 905 546 939 aut
574 912 597 938 a
625 898 869 938 minoribus
899 898 953 938 ad
968 896 1135 937 maiora
1164 897 1248 937 ad-

90 955 367 1005 scendimus‚
408 962 483 995 aut
511 969 537 996 a
564 954 806 996 maioribus
836 953 890 995 ad
920 953 1095 995 minora
1125 953 1248 995 dela-

91 1013 266 1062 bimur3
297 1018 374 1052 aut
402 1011 509 1053 haec
539 1011 781 1066 inaequalia
804 1013 819 1033 ¹
852 1011 1061 1051 varietate
1091 1009 1250 1051 distin-

90 1068 291 1126 guimus,
322 1083 462 1122 quum
492 1082 629 1124 parva
659 1066 853 1124 magnis,
894 1067 1109 1122 simplicia
1138 1082 1251 1109 con·-

88 1125 275 1176 iunctis,
307 1125 495 1166 obscura
523 1123 749 1174 dilucidis,
786 1125 899 1165 laeta
928 1122 1143 1171 tristibus,
1174 1125 1250 1165 in-

92 1181 316 1224 credibilia
364 1181 668 1237 probabilibus
717 1182 982 1234 inteximus,
1045 1195 1156 1235 quae
1201 1181 1250 1224 in

92 1237 426 1281 exornationem
458 1238 620 1279 cadunt
649 1238 811 1280 omnia.

182 1298 237 1336 F:
279 1294 433 1349 Quid?
470 1295 518 1337 in
558 1295 869 1337 deliberatione
910 1295 1012 1349 quid
1050 1295 1251 1351 spectas?

180 1351 237 1394 P.
274 1349 520 1407 Principia,
572 1352 644 1394 vel
682 1367 771 1393 non
809 1352 965 1407 longa,
1011 1352 1082 1393 vel
1122 1367 1251 1408 saepe

94 1407 231 1451 nulla.
289 1408 401 1449 Sunt
431 1409 550 1449 enim
592 1409 644 1449 ad
676 1410 943 1450 audiendum
981 1408 1054 1462 qui
1086 1408 1252 1450 delibe-

95 1471 197 1506 rant
245 1479 325 1505 sua
367 1480 494 1505 causa
534 1466 690 1522 parati.
770 1466 865 1507 Nec
906 1466 1099 1506 multum
1146 1480 1251 1507 sane

93 1535 226 1577 saepe
254 1523 524 1563 narrandum
555 1531 630 1564 est.
687 1522 766 1563 Est
803 1521 922 1564 enim
952 1521 1149 1564 narratio
1180 1530 1256 1564 aut

93 1579 433 1635 praeteritarum
462 1593 616 1622 rerum
646 1586 723 1620 aut
744 1577 1070 1634 praesentiumg,
1108 1579 1253 1620 suasio

98 1642 248 1676 autem
288 1634 560 1677 futurarum.
626 1635 780 1690 Quare
831 1635 886 1675 ad
936 1634 1069 1676 fidem
1117 1642 1160 1677 et
1197 1635 1250 1677 ad

95 1699 269 1733 motum
298 1692 550 1734 adhibenda
579 1701 642 1734 est
671 1693 813 1735 omnis
843 1691 997 1734 oratio.

181 1747 238 1790 F.
270 1749 418 1797 Quid?
455 1748 502 1790 in
530 1749 704 1792 iudiciis
746 1764 858 1805 quae
895 1757 958 1790 est
989 1748 1252 1791 collocatio?

180 1802 238 1846 P.
277 1804 384 1846 Non
423 1806 574 1848 eadem
612 1806 869 1848 accusatoris
919 1813 961 1846 et
999 1805 1096 1856 reig
1137 1806 1254 1861 qu'od

100 1867 328 1902 accusator
355 1875 506 1903 rerum
536 1862 736 1904 ordinem
763 1861 1059 1920 prosequitur,
1090 1869 1132 1904 et
1161 1861 1255 1908 sin·-

99 1915 202 1972 gula
232 1925 518 1973 argumenta,
563 1919 687 1975 quasi
716 1919 841 1961 hasta
869 1920 915 1960 in
945 1933 1080 1960 manu
1109 1920 1252 1961 eollo-

98 1979 219 2024 cata‚
248 1976 270 1996 2
298 1973 585 2018 vehementer
611 1978 843 2034 proponit,
883 1975 1105 2018 concludit
1138 1976 1255 2018 acri-

142 2130 178 2175 1)
208 2132 417 2174 inaequabili
448 2135 551 2167 Grut.
588 2135 676 2168 Em.
706 2132 891 2180 inaequali.
955 2135 1089 2166 Sensus
1122 2137 1253 2177 ⁸‹uitem-

181 2177 351 2221 postulat
376 2179 581 2222 inaequalia.

143 2220 182 2264 2)
204 2224 376 2256 Fortasse
398 2236 534 2258 venus:
559 2225 673 2259 hastas
694 2223 731 2258 in
751 2235 858 2260 manu
879 2225 1076 2259 collocatas.
