1394 2503
284 156 318 189 S.
343 154 407 188 DE
435 152 603 188 CLARIS
631 140 1066 187 onAToRmrs‘cAP.
1096 153 1128 186 8.
1155 165 1186 197 9.
1267 165 1307 186 αι

144 242 222 287 put
246 232 427 272 fratione
468 231 632 286 aliqua,
700 230 1122 278 autobservatione
1160 228 1302 271 fiebat.

147 292 261 348 Ipsa*
294 289 413 330 enim
460 296 614 328 natura
661 287 1064 343 circumscriptione
1115 287 1301 343 quadam

148 347 425 401 [verborum]
454 349 467 367 ¹
500 344 833 399 comprehendit
860 344 1168 399 concluditque
1197 359 1300 385 sen—

145 404 349 446 tentiam:
379 417 488 457 quae
512 417 650 457 quum
674 402 783 457 aptis
809 401 1037 443 constricta
1057 401 1200 442 verbis
1220 409 1298 450 est,

145 460 259 502 eadit
305 460 435 500 etiam
471 458 734 514 plerumque
775 472 1023 500 numerose.
1096 459 1216 499 Nam
1257 466 1298 499 et

146 532 274 559 aures
303 517 436 572 ipsae,
466 514 567 570 quid
597 516 796 570 plenum,
827 514 929 569 quid
960 515 1092 556 inane
1122 515 1194 561 sit,
1222 514 1296 556 iu-

145 576 312 622 dicant,
365 581 407 614 et
442 572 622 629 spiritu,
683 573 804 626 quasi
845 571 1096 613 necessitate
1135 572 1294 627 aliqua,

126 631 382 674 verborum
422 629 753 683 comprehensio
797 629 1079 669 terminatur:
1120 629 1166 670 in
1208 644 1293 683 quo

144 704 234 730 non
277 687 407 728 modo
451 685 602 737 defici,
660 687 735 727 sed
777 685 905 727 etiam
950 686 1153 728 laborare
1195 694 1294 727 tur-

142 761 200 803 pe
229 752 304 785 est.

224 825 302 868 IX.
360 825 480 866 Tum
520 823 602 867 fuit
640 824 828 879 Lysias,
887 823 981 881 ipse
1022 823 1198 880 quidem
1245 824 1292 864 in

140 883 280 924 causis
319 880 564 923 forensibus
602 897 692 923 non
731 890 947 933 versatus,
1007 882 1080 923 sed
1123 881 1293 937 egregie

140 939 309 981 subtilis
359 938 545 993 scriptor
601 946 728 994 atque
781 941 971 994 eleganS,
1032 954 1163 995 quem
1200 938 1291 978 iam

137 1010 274 1051 prope
295 994 452 1036 audeas
477 1003 695 1036 oratorem
712 996 955 1051 perfectum
981 996 1141 1037 dicere.
1173 998 1293 1038 Nam

138 1052 267 1109 plane
306 1051 483 1106 quidem
521 1052 787 1107 perfectum,
842 1061 882 1093 et
919 1054 963 1094 in
1004 1068 1088 1107 quo
1129 1052 1238 1093 nihil
1269 1053 1291 1073 ²⁴

138 1109 378 1149 admodum
417 1107 548 1157 desit,
585 1110 929 1150 Demosthenem
958 1108 1086 1151 facile
1116 1109 1291 1151 dixeris,

136 1165 261 1208 Nihil
289 1172 412 1206 acute
441 1165 630 1206 inveniri
650 1167 792 1221 potuit
821 1167 869 1208 in
901 1166 962 1207 eis
992 1167 1151 1212 causis,
1183 1180 1291 1221 quas

137 1222 329 1277 scripsit,
376 1221 500 1271 nihil,
540 1225 610 1273 (nt
637 1224 695 1264 ita
725 1222 903 1277 dicam,)
944 1223 1149 1270 subdole,
1180 1221 1290 1263 nihil

137 1286 336 1330 versute,
387 1279 502 1332 quod
543 1279 614 1320 ille
657 1294 744 1319 non
783 1281 968 1329 viderit:
1026 1279 1138 1321 nihil
1182 1280 1290 1321 sub-

136 1336 273 1377 tiliter
329 1335 437 1387 dici,
499 1336 611 1377 nihil
655 1351 827 1391 presse,
887 1337 996 1378 nihil
1048 1336 1289 1387 enucleate,

135 1407 222 1448 quo
257 1391 354 1433 fieri
383 1392 515 1447 possit
544 1392 704 1447 aliquid
740 1394 951 1446 limatius:
993 1393 1102 1435 nihil
1139 1401 1292 1435 contra

134 1449 325 1505 grande,
369 1448 482 1489 nihil
523 1450 773 1502 incitatum,
817 1451 927 1492 nihil
968 1458 1173 1492 ornatum
1213 1450 1290 1490 vel

131 1506 376 1547 verborum
421 1508 652 1561 gravitate,
708 1507 778 1548 vel
815 1509 1151 1558 sententiarum,
1200 1522 1287 1563 quo

134 1563 374 1619 quidquam
404 1571 514 1604 esset
543 1564 706 1605 elatius.
753 1565 867 1606 Huic
898 1564 1146 1622 Hyperides
1175 1579 1289 1621 pro-

132 1621 305 1670 ximus,
350 1626 392 1659 et
430 1619 673 1662 Aeschines
714 1620 820 1673 fuit,
864 1630 904 1663 et
942 1623 1199 1678 Lycurgus,
1246 1628 1289 1661 et

133 1676 409 1728 Dinarchus,
448 1685 489 1718 et
516 1677 571 1725 is,
612 1677 732 1720 cuius
763 1676 883 1719 nulla
913 1686 1082 1720 exstant
1112 1677 1287 1733 scripta,

132 1732 376 1783 Demades,
421 1733 581 1788 aliique
623 1736 784 1790 plures.
851 1736 975 1780 Haec
1015 1735 1132 1777 enim
1174 1743 1288 1776 aetas

134 1787 286 1830 effudit
315 1790 426 1830 hanc
454 1791 649 1846 copian13
700 1799 763 1838 et,
804 1800 852 1833 ut
881 1792 1028 1848 opinio
1058 1807 1159 1833 mea
1188 1791 1289 1839 fert,

133 1860 285 1886 succus
324 1846 398 1887 ille
435 1854 476 1886 et
514 1848 688 1902 sanguis
726 1848 1009 1905 incorruptus
1051 1863 1187 1903 usque
1233 1847 1289 1888 ad

129 1903 245 1943 hanc
276 1910 456 1944 aetatem
488 1913 714 1947 oratorum
742 1905 851 1956 fuit,
881 1907 927 1947 in
959 1921 1045 1960 qua
1073 1905 1287 1947 naturalis

132 1958 307 2006 inesset,
348 1973 439 2000 nou
479 1960 649 2002 fucatus
688 1962 819 2003 nitor.
887 1963 1124 2005 Phalereus
1167 1963 1286 2003 enim

133 2016 334 2057 successit
365 2016 425 2057 eis
456 2018 628 2058 senibus
660 2018 929 2072 adolescens,
971 2019 1286 2061 eruditissimus

133 2070 204 2112 ille
243 2073 417 2127 quidem
465 2074 627 2116 horum
670 2075 898 2128 omnium,
948 2076 1023 2119 sed
1061 2091 1152 2118 non
1194 2083 1285 2116 tam

178 2184 208 2223 1)
232 2184 414 2216 verborum
439 2187 496 2216 s'zic
521 2186 661 2217 videtur
684 2186 885 2219 delendum.

177 2228 214 2271 2)
240 2229 298 2260 Sic
323 2230 443 2275 Guels.
464 2243 497 2264 2.
537 2231 643 2276 Vulg.
671 2240 704 2266 et
733 2234 786 2265 cui
815 2233 914 2266 nihil.
