1394 2503
91 132 158 168 344
549 128 803 166 CICERONIS

213 206 389 253 XXIV.
447 209 500 251 F.
532 207 702 265 Accepi
731 208 834 256 ista,
865 207 1084 266 didicique
1111 203 1273 253 brevi-'
1312 244 1317 245 ν

104 278 196 318 ter,
234 281 325 309 non
357 266 502 311 solum
532 265 910 321 quemadmodum
939 267 1166 309 laudarem
1198 267 1276 308 ala·j
1302 266 1304 268 ’

101 333 265 376 terum,
295 322 369 365 sed
401 324 536 366 e'tiam
567 322 942 378 quemadmodum
973 324 1176 373 eniterer,
1213 331 1276 366 ut'

103 391 281 441 possem
319 381 412 437 ipse
461 380 560 422 iure
599 379 779 422 laudari.
851 380 1093 424 Videamus
1131 381 1269 435 igitur

98 439 334 496 deinceps,
374 438 421 479 in
461 437 676 478 sententia
705 437 890 492 dicenda
917 452 1052 495 quam
1079 438 1197 480 via'm
1226 446 1271 482 et

102 511 216 554 quae
243 501 480 553 praecepta
507 501 748 538 teneamus.

189 609 249 652 P.
280 609 360 652 Est
396 608 531 664 igitur
565 609 614 652 in
647 609 928 652 deliberando
966 608 1067 652 finis
1095 608 1275 661 utilitas,

106 664 161 708 ad
213 680 348 721 quem
396 667 548 709 omnia
591 668 652 710 ita
697 666 955 710 referuntur
1005 668 1051 709 in
1090 665 1274 708 consilio

105 722 276 776 dando,
326 724 627 780 sententiaque
674 725 881 776 dicenda,
931 731 980 766 ut
1016 724 1091 766 illa
1127 723 1276 780 prima

108 781 196 822 sint
225 781 423 835 suasori,
452 789 529 823 aut
559 781 794 824 dissuasori
821 781 1035 833 videnda,
1065 780 1171 838 quid
1201 786 1278 821 aut

105 837 247 895 possit
277 837 401 888 fieri,
438 846 514 880 aut
550 854 642 882 non
672 839 829 895 possit,
871 847 911 880 et
948 838 1054 894 quid
1091 845 1165 880 aut
1192 852 1276 878 ne-

107 909 225 936 cesse
255 895 335 948 sit,
372 903 447 936 aut
489 910 581 937 non
619 911 809 938 necesse.
867 898 986 939 Nam
1013 901 1076 944 et,
1104 895 1143 937 si
1173 893 1277 951 quid

109 950 225 993 effici
255 958 346 993 non
377 959 545 1007 potest,
594 952 850 995 deliberatio
881 953 1074 1006 tollitur,
1113 966 1277 1008 quam-

108 1008 178 1051 vis
207 1009 317 1050 utile
348 1009 426 1050 sit:
459 1018 524 1058 et,
555 1010 590 1052 si
621 1010 726 1066 quid
756 1026 934 1053 necesse
967 1017 1043 1062 est,
1075 1011 1276 1062 (neeesse

111 1064 335 1108 autemid
366 1074 444 1117 est,
475 1067 572 1108 sine
591 1083 680 1124 quo
711 1067 821 1109 salvi
844 1068 1034 1110 liberive
1064 1081 1156 1108 esse
1183 1079 1277 1108 non

109 1137 351 1179 possumus
365 1122 393 1177 ,)
425 1123 469 1165 id
501 1132 567 1166 est
594 1125 797 1180 reliquis,
827 1134 869 1167 et
898 1124 1198 1166 honestatibus
1228 1122 1277 1163 in

111 1180 230 1222 civili
273 1180 467 1232 ratione,
523 1190 565 1224 et
616 1182 861 1223 commodis
897 1179 1275 1237 anteponendum.

112 1238 268 1293 Quum
300 1245 449 1278 autem
478 1239 728 1294 quaeritur,
760 1239 861 1292 quid
890 1237 994 1279 fieri
1025 1238 1173 1293 possit,
1203 1236 1278 1277 vi-

115 1294 314 1335 dendum
344 1294 477 1335 etiam
507 1302 596 1345 est,
628 1310 760 1350 quam
796 1295 922 1342 facile
950 1294 1096 1350 possit.
1156 1294 1309 1337 Namx

114 1364 227 1406 quae
255 1350 537 1406 perdifficilia
568 1359 692 1404 sunt,
732 1352 917 1409 perinde
947 1350 1146 1393 habenda
1176 1365 1279 1391 sae-

113 1417 186 1466 pe*
211 1416 339 1456 sunt,
382 1422 430 1447 ac
473 1408 508 1448 si
539 1408 656 1449 effici
686 1424 777 1450 non
806 1408 990 1464 possint.
1048 1408 1108 1449 Et
1136 1421 1279 1462 quum

117 1464 465 1506 demecessitate
516 1465 815 1514 attendemus,
865 1467 942 1507 etsi
983 1463 1145 1520 aliquid
1183 1477 1278 1505 non

116 1522 414 1563 necessarium
454 1521 697 1568 videbitur,
738 1523 978 1564 videndum
1006 1529 1153 1563 tamen
1181 1520 1280 1568 erit,

119 1577 349 1634 quain·'sit
385 1593 614 1634 magnum.
675 1578 806 1635 Quod
837 1580 955 1621 euim
985 1590 1280 1634 permagnum

119 1643 207 1686 est,
234 1640 265 1659 ‘¹
298 1650 379 1692 pro
420 1636 663 1677 necessario
703 1651 831 1692 saepe
870 1636 1069 1677 habetur.
1128 1635 1282 1688 Itaque

120 1694 257 1749 quum
289 1699 457 1733 constet
475 1692 556 1734 hoc
585 1708 724 1748 genus
757 1708 988 1735 causaruln
1021 1706 1078 1733 ex
1108 1691 1282 1731 suasio-

119 1764 176 1790 ne
199 1751 254 1791 'et
274 1749 570 1805 dissuasione3
599 1750 768 1792 suasori
791 1750 1058 1807 proponitur
1088 1747 1282 1803 simplex

119 1805 255 1848 ratio:
287 1807 323 1849 si
354 1814 396 1847 et
428 1807 533 1848 utile
561 1815 637 1858 est,
669 1815 710 1848 et
739 1806 835 1848 fieri
866 1814 1022 1864 potest,
1051 1804 1140 1848 fiat.
1171 1803 1282 1853 Dis-

120 1863 290 1905 suasori
320 1862 512 1919 duplex:
557 1864 668 1905 una:
706 1866 743 1906 si
779 1865 884 1906 utile
922 1878 1011 1904 non
1041 1865 1063 1886 2
1102 1868 1188 1911 est,
1226 1874 1285 1901 ne

120 1920 219 1970 fiat3
260 1920 420 1962 altera:
460 1921 497 1962 si
526 1919 626 1963 sieri
667 1937 757 1963 non
786 1929 952 1979 potest,
978 1935 1036 1961 ne
1067 1917 1285 1975 suscipia-

171 2123 208 2165 1)
238 2124 298 2156 Sic
343 2126 414 2156 Ms.
443 2126 506 2156 Ox.
540 2135 582 2169 ψ.
616 2123 786 2157 Lambin.
817 2122 868 2155 al.
919 2121 1034 2168 Vulgo
1071 2120 1166 2167 quod
1192 2119 1285 2155 enim

124 2169 301 2213 permagni
319 2168 475 2203 interest.

169 2225 202 2270 2)
232 2224 349 2270 Vulgo
360 2226 387 2258 si
407 2236 477 2258 non
499 2225 581 2258 utile
601 2232 662 2259 eat.
