1394 2503
106 143 171 176 290
557 124 832 165 oicERQNis,
863 160 865 162 .
889 160 898 165 ,,

191 208 338 252 XVII.
400 206 672 250 Coniunctus
700 206 803 248 huic
824 220 1056 250 causarum
1076 207 1173 250 loco
1202 206 1279 249 lo·-

111 282 185 309 c-us
217 267 290 307 isse
311 273 397 316 est,
427 279 578 307 rerum
600 279 711 319 quae
730 261 982 306 efficiuntur
1001 280 1059 306 ex
1080 265 1234 306 causis.
1256 268 1273 290 ¹

109 323 172 366 Ut
199 324 319 365 enim
347 335 477 364 causa
506 320 711 364 effectum
742 319 925 371 iudicat,
955 321 1030 372 sic,
1060 321 1174 377 quod
1208 320 1277 363 ef-

111 383 280 425 fectum
318 388 407 427 est,
455 393 567 433 quae
609 376 745 419 fuerit
784 391 938 430 causa,
991 377 1279 420 demonstrat.

112 439 197 481 Hic
225 437 347 479 locus
369 436 647 492 suppeditare
677 434 786 476 solet
815 434 1065 476 oratoribus
1094 443 1135 477 et
1164 449 1279 491 poe-

112 497 189 546 tis,
219 508 349 550 saepe
380 496 512 534 etiam
541 491 839 548 philosophis,
877 491 952 532 sed
975 491 1053 541 iis,
1093 492 1170 546 qui
1199 507 1280 534 or-

111 560 213 595 nate
242 559 286 592 et
316 550 492 606 copiose
521 550 643 604 loqui
667 556 877 605 possunt,
916 547 1169 590 mirabilem
1201 564 1281 591 co·-

111 610 234 668 piam
265 607 460 654 dicendi,
491 622 629 662 quum
654 606 926 656 denuntiant,
956 604 1064 660 quid
1087 620 1144 647 ex
1169 620 1282 661 qua·-

113 682 199 723 que
228 680 278 707 re
297 665 352 710 sit
373 663 589 707 futurum.
648 663 899 704 Causarum
922 663 1042 704 enim
1074 663 1284 720 cognitio,

113 722 412 779 cognitionem
448 729 709 765 eventorum
747 719 867 761 facit.

199 834 366 878 XVIII.
424 832 635 890 Reliquus
667 841 731 876 est
762 833 1113 891 comparationis
1142 833 1284 887 locu-33

116 893 237 935 cuius
267 905 404 949 genus
436 899 478 933 et
507 891 766 948 exemplum
795 905 929 947 supra
966 890 1163 947 positum
1203 898 1284 941 est,

115 959 166 993 ut
201 957 452 992 ceterorum
491 961 611 990 nunc
658 946 920 1001 explicanda
965 948 1166 990 tractatio
1204 955 1286 990 est.

118 1008 444 1063 Comparantur
468 1005 603 1062 igitur
631 1019 704 1056 ea,
745 1019 856 1061 quae
886 1012 961 1046 aut
987 1005 1180 1057 maiora,
1210 1012 1288 1048 aut

117 1065 318 1113 minora,
366 1070 441 1104 aut
469 1062 592 1119 paria
622 1062 850 1105 dicuntur:
899 1062 946 1104 in
983 1062 1142 1119 quibus
1179 1076 1287 1119 spe-0

120 1129 296 1164 etantur
325 1118 456 1171 haec,
497 1134 734 1172 numam,
779 1119 968 1175 species,
1005 1119 1094 1171 vis,
1146 1132 1286 1174 quae-⁶

120 1180 223 1221 dam
253 1177 387 1219 etiam
420 1175 475 1219 ad
514 1192 584 1218 res
621 1176 786 1230 aliquas
817 1175 1005 1217 affectio.
1071 1174 1285 1219 Numero

119 1237 180 1280 sic
209 1234 619 1292 comparabuntur,
660 1233 789 1289 plura
831 1232 944 1273 bona
980 1238 1028 1287 ut
1056 1231 1289 1289 pauciori-

117 1294 203 1334 bus
231 1292 357 1337 bonis
387 1296 736 1346 anteponantur,
773 1289 981 1345 pauciora
1010 1288 1128 1330 mala
1154 1288 1288 1331 malis

119 1348 345 1406 pluribus,
375 1346 653 1393 diuturniora.
682 1346 796 1392 bona
826 1345 1125 1398 brevioribus,
1155 1347 1290 1401 longo

122 1414 164 1448 et
192 1406 278 1448 late
315 1411 553 1462 pervagata
591 1403 808 1458 angustis3
861 1416 919 1445 ex
956 1402 1114 1458 quibus
1152 1402 1289 1459 plura

124 1464 240 1505 bona
269 1470 592 1519 propagentur,
643 1473 844 1516 quaeque
872 1459 1025 1516 plures
1052 1459 1289 1503 imitentur

121 1528 166 1562 et
194 1519 375 1566 faciant,
406 1517 685 1560 contrariis.2
743 1516 899 1574 Specie
924 1524 1072 1558 autem
1099 1529 1289 1572 compa.-

121 1585 299 1622 rantur,
327 1583 378 1617 ut
406 1581 750 1632 anteponantur,
780 1587 894 1628 quae
921 1581 1105 1630 propter
1132 1587 1181 1615 se
1201 1585 1289 1613 ex-

121 1633 310 1692 petenda
338 1641 464 1684 sunt,
506 1633 583 1683 iis,
621 1644 735 1686 quae
763 1637 944 1685 propter
971 1630 1112 1680 aliud;
1160 1637 1204 1672 et
1238 1636 1287 1672 ut

123 1694 272 1733 innata
301 1700 432 1745 atque
461 1689 614 1739 insita,
662 1687 898 1743 assumptis
935 1694 977 1728 et
1015 1685 1291 1736 adventiciis,-

122 1749 292 1803 integra
322 1746 645 1795 contaminatis,
676 1745 867 1786 iucunda
896 1744 1041 1785 minus
1072 1741 1290 1795 iucundis,

121 1805 303 1847 honesta
332 1805 439 1860 ipsis
469 1804 600 1844 etiam
630 1800 828 1851 utiiibus,
860 1801 1075 1855 proclivia
1092 1798 1293 1843 laborio-.

121 1862 200 1906 sis,
248 1860 490 1903 necessaria
530 1875 620 1900 non
661 1859 940 1908 necessariis,
993 1872 1072 1899 sua
1111 1855 1286 1908 alienis,

120 1933 221 1960 rara
251 1917 530 1973 vulgaribus,
575 1913 876 1961 desiderabilia
909 1915 981 1964 iis,
1026 1914 1185 1971 quibus
1215 1911 1293 1955 fa-‘

121 1975 204 2016 cile
233 1989 383 2015 carere
400 1974 564 2029 possis,
591 1972 783 2030 perfecta
804 1970 1042 2035 inchoatis,
1072 1979 1162 2014 tota
1180 1983 1287 2027 pax-

167 2112 201 2153 ι)
228 2113 285 2142 Ita
305 2109 469 2151 rescripsi
488 2119 591 2139 sensu
603 2106 818 2152 postulante
831 2118 899 2152 pro
917 2105 1014 2153 vulg.
1033 2105 1094 2140 ille
1113 2109 1186 2148 est,
1223 2103 1280 2146 qui

119 2154 262 2188 efficitur
285 2168 302 2188 e
328 2155 447 2187 causis.

159 2213 198 2256 2)
223 2215 269 2245 In
289 2211 412 2245 multis
431 2208 510 2246 edd.
544 2207 644 2243 abest
667 2210 856 2245 contrariis,
