1394 2503
128 147 195 190 ατε
449 160 454 164 ἡ
590 142 844 179 crefinoms

130 226 297 266 tionem
315 222 503 280 appello,
521 237 661 279 quam
675 227 691 246 ¹
718 222 882 265 Graeci
895 229 992 266 tum
1011 223 1184 279 ἔννοιαν,
1201 232 1303 268 tum

131 280 337 338 πρόληψιν
355 281 519 322 dicunt.
561 279 625 320 Ea
639 287 702 321 est
721 280 853 321 insita
871 288 915 321 et
931 291 1165 338 praecepta
1177 285 1198 306 2
1218 298 1305 325 cu-

132 339 288 394 iusque
301 337 391 378 rei³
414 336 622 391 cognitio,
641 336 920 379 enodationis
931 338 1150 395 indigens.
1183 339 1304 382 For-

131 411 231 438 mae
254 394 387 451 igitur
410 401 511 435 suut
534 393 616 436 hae
630 425 641 444 ‚
672 394 718 434 in
738 408 844 449 quas
863 408 1023 450 genus,
1055 395 1148 437 sine
1166 396 1303 440 ullius

132 451 545 509 praetermissione,
588 450 825 492 dividitur:
883 458 932 491 ut
961 452 1001 493 si
1029 455 1125 507 quis
1153 453 1222 495 ius
1253 454 1302 496 in

131 512 301 564 legem,
345 522 542 560 morem,
585 508 850 563 aequitatem
877 507 1056 552 dividat.
1113 509 1301 552 Formas

131 566 208 622 qui
234 573 361 621 putat
389 566 511 606 idem
543 579 635 605 esse
653 597 663 614 ‚
703 565 818 620 quod
847 573 1018 622 partes,
1070 566 1302 614 confundit

129 620 295 673 artem,
346 629 390 663 et
435 621 720 663 similitudine
762 623 953 676 quadam
997 622 1300 675 conturbatuS,

129 695 222 723 non
247 679 352 721 satis
382 687 528 730 acute,
557 692 673 734 quae
693 688 797 720 sunt
821 681 1111 732 secernenda,
1141 679 1302 722 distin-

129 737 237 795 guit.
317 737 459 794 Saepe
496 737 630 778 etiam
680 734 900 778 definiunt
939 743 983 777 et
1022 744 1221 778 oratores
1257 745 1303 779 et

130 803 283 851 poetae
314 809 398 850 per
428 793 765 835 translationem
797 792 922 834 verbi
950 808 1007 835 ex
1041 793 1304 837 similitudi-

130 867 209 903 ne,
257 865 358 892 cum
391 850 583 906 quadam
622 850 850 893 suavitate.
922 849 1009 892 Sed
1049 864 1130 906 ego
1161 866 1189 891 a
1215 866 1303 894 ve-

130 908 233 950 stris
265 907 508 964 exemplis,
547 906 630 949 nisi
660 906 928 958 necessario,
958 922 1053 948 non
1080 907 1301 954 recedam.

131 964 310 1008 Solebat
337 964 472 1020 igitur
501 962 748 1019 Aquillius,
799 963 967 1020 collega
999 973 1041 1007 et
1068 963 1304 1015 familiaris

130 1037 282 1075 meus,
340 1036 478 1076 quum
511 1021 565 1063 de
593 1021 796 1063 litoribus
825 1028 1054 1076 ageretur,
1095 1037 1208 1078 quae
1245 1038 1302 1064 0-

128 1079 254 1122 mnia
281 1078 455 1136 publica
486 1093 581 1121 esse
610 1078 763 1129 vultis,
805 1078 1119 1133 quaerentibus
1148 1080 1215 1132 iis,
1243 1079 1300 1121 ad

130 1152 242 1191 quos
274 1136 319 1178 id
349 1135 618 1192 pertinebat,
668 1134 773 1190 quid
811 1142 925 1177 esset
952 1134 1079 1188 lium,
1129 1135 1195 1178 ita
1218 1136 1300 1177 de-

128 1194 279 1242 finire,
312 1207 404 1249 qua
422 1190 885 1249 βαι-αιςΑΒΖιιάιτγ-ειέ.··1
931 1191 1017 1234 hoc
1041 1199 1126 1241 est,
1150 1192 1299 1248 (quasi

131 1251 207 1308 qui
226 1250 584 1300 adolescentiam,
614 1248 775 1290 florem
804 1247 980 1301 aetatis,
1014 1256 1300 1300 senectutem,

128 1321 335 1349 occasum
376 1306 516 1357 vitae,
562 1305 670 1347 velit
722 1303 956 1360 definire,)
1012 1305 1300 1348 translatione

129 1373 255 1405 utens
285 1362 533 1404 discedebat
571 1377 597 1402 a
636 1361 782 1403 verbis
819 1361 1015 1418 propriis
1053 1376 1209 1404 rerum
1247 1378 1298 1404 ae

131 1421 236 1463 suis.
293 1420 428 1476 Quod
457 1419 513 1461 ad
543 1417 820 1461 definitiones
843 1421 1018 1468 attinet,
1057 1417 1297 1464 hactenus:

129 1478 300 1534 reliqua
334 1477 580 1520 videamus.

212 1592 337 1636 VIII.
397 1591 642 1635 Partitione
676 1598 824 1632 autem
864 1590 926 1632 sic
960 1590 1179 1632 utendum
1217 1597 1296 1642 est,

129 1649 300 1693 nullam
331 1657 379 1691 ut
407 1657 581 1706 partem
612 1648 858 1702 relinquam,
887 1654 937 1688 ut
966 1648 1002 1689 si
1025 1646 1183 1703 partiri
1212 1662 1294 1689 ve-

128 1706 182 1748 lis
211 1706 393 1760 tutelas,
446 1706 684 1748 inscienter
717 1703 874 1754 facias,
924 1704 962 1746 si
993 1704 1131 1747 ullam
1160 1718 1295 1760 prae-

129 1764 361 1806 'tei-mittas.
421 1763 485 1807 At
513 1764 552 1806 si
581 1762 911 1819 stipulationum
931 1768 1008 1802 aut
1026 1761 1294 1805 iudiciorum

175 1918 213 1962 ι)
240 1917 300 1950 Sic
317 1923 411 1951 recte
427 1919 517 1953 Ern.
543 1915 660 1962 Vulgo
685 1915 779 1961 quod
798 1915 937 1951 Graeci.

171 1995 212 2039 2)
236 1997 443 2029 Lectionem
472 2003 506 2030 et
530 2001 711 2040 pmecepta
746 1997 834 2030 Ern.
868 1997 1008 2029 invenit
1037 1995 1076 2027 in
1101 1995 1173 2029 Ms.
1202 1993 1292 2026 Eius

125 2040 305 2086 glossema
331 2042 474 2075 videtur
497 2053 570 2075 esse
592 2040 782 2086 vulgatum
812 2047 1101 2087 antevpercepta.

171 2121 212 2164 5)
236 2122 310 2154 Pro
326 2119 425 2165 vulg.
445 2121 612 2164 cuiusque
624 2119 755 2152 formae
773 2118 903 2163 scripsi
920 2120 1085 2164 cuiusque
1103 2118 1166 2151 rei.
1199 2118 1295 2150 Nam

126 2167 256 2200 formae
274 2166 333 2199 hic
356 2173 409 2200 est
423 2175 574 2210 prorsus
591 2166 749 2210 ineptum
771 2170 805 2196 et
825 2164 998 2198 alienum.

170 2242 209 2288 ft)
240 2245 351 2278 Turn.
378 2250 413 2277 et
432 2239 560 2280 Lamb.
585 2254 603 2276 e
620 2244 711 2277 Mss.
740 2242 920 2278 alluderet.
977 2266 981 2267 γ
