1394 2503
133 137 152 160 2
159 126 199 170 78
583 122 839 158 CICERONIS

137 206 283 261 cipere
303 203 466 257 solet3)
505 203 581 246 sed
614 217 753 258 quum
781 201 921 260 ipsius
944 205 1207 261 postliminii
1234 205 1302 247 vis

137 262 392 317 quaeritur,
431 268 473 303 et
492 260 679 302 verbum
702 261 852 316 ipsum
879 269 1073 304 notatur.
1131 263 1183 305 In
1214 276 1301 317 quo

136 321 316 362 Servius
346 326 498 360 noster
529 318 596 372 (ut
613 318 791 375 opinor)
821 317 929 360 nihil
949 325 1077 376 putat
1099 334 1191 360 esse
1220 335 1304 361 no-

135 376 345 424 tandum,
392 376 477 418 nisi
511 382 638 433 post3
694 383 735 416 et
774 373 1006 418 liminium
1044 376 1152 418 illud
1193 391 1303 433 pro-—

138 433 390 475 ductionem
419 447 511 474 esse
540 431 666 474 verbi
695 432 812 485 vult,
847 440 893 473 ut
912 433 955 475 in
972 431 1204 489 finitimo,
1235 435 1302 475 le-

133 491 323 547 gitimo,
375 488 616 538 aeditimo,
667 504 756 530 non
798 490 898 546 plus
942 505 1035 532 esse
1060 494 1075 513 ¹
1115 491 1304 541 timum,

137 562 270 602 quam
301 548 348 589 in
374 545 626 588 meditullio
652 546 865 588 tullium.-
912 547 1122 590 Scaevola
1142 556 1305 599 autem,

138 605 190 647 P.
225 608 272 648 F.
304 605 507 645 iunctum
535 611 661 660 putat
689 619 784 646 esse
821 605 1031 656 verbum,
1079 613 1130 647 ut
1173 606 1230 648 sit
1258 605 1305 647 in

139 677 191 704 eo
224 669 268 703 et
293 669 394 718 post
424 670 466 702 et
496 660 658 702 limen.-
695 671 764 713 ut,
796 676 906 717 quae
928 678 953 704 a
982 661 1106 705 nobis
1136 662 1304 704 aliena-

138 728 184 761 ta
217 727 341 768 sunt,
381 734 519 774 quum
550 718 602 760 ad
633 718 805 761 hostem
833 719 1143 776 pervenerint,
1180 727 1225 762 et
1247 733 1306 761 ex

141 793 221 818 suo
245 785 469 831 tamquam
492 776 646 817 limine
672 775 877 829 exierint,
909 777 1010 819 dein
1038 792 1176 832 quum
1197 775 1305 818 red«-⁴

139 834 277 876 ierint
312 840 414 890 post
452 831 505 874 ad
545 832 665 875 idem
711 833 869 885 limen,
919 834 1195 890 postliminio
1235 834 1306 875 vi·-

141 890 329 932 deantur
361 889 557 934 rediisse.
619 891 722 946 Quo
752 891 799 931 in
829 906 990 947 genere
1014 891 1143 934 etiam
1171 892 1307 934 Man-

143 948 231 989 cini
263 961 392 989 causa
421 946 596 988 defendi
619 954 785 1003 potest,
813 949 1082 1003 postliminio
1106 948 1309 991 rediisse:

142 1004 344 1047 deditum
373 1017 466 1046 non
496 1020 611 1054 esse,
650 1005 862 1060 quoniam
891 1020 983 1048 non
1012 1006 1068 1048 sit
1095 1014 1309 1062 receptus.

142 1062 263 1104 Nam
303 1075 447 1116 neque
480 1061 780 1113 deditionem,
835 1077 979 1118 neque
1020 1063 1308 1106 donationem

142 1119 238 1162 sine
267 1118 519 1174 acceptione
548 1119 733 1176 intelligi
761 1133 905 1177 posse.

227 1209 286 1251 X.
353 1208 562 1265 Sequitur
591 1209 629 1251 is
658 1210 800 1260 locus,
847 1209 923 1266 qui
962 1217 1130 1252 constat
1169 1225 1225 1252 ex
1253 1210 1308 1252 iis

142 1266 297 1318 rebus,
327 1281 439 1321 quae
469 1266 661 1320 quodam
681 1266 814 1307 modo
838 1267 1018 1308 affectae
1038 1275 1142 1308 sunt
1172 1268 1224 1309 ad
1244 1267 1308 1318 id,

144 1323 197 1365 de
227 1337 314 1379 quo
344 1323 596 1378 ambigitur.
657 1324 803 1380 Quem
835 1323 968 1365 modo
1000 1323 1095 1365 dixi
1123 1323 1169 1365 in
1188 1325 1309 1381 ,plu-¹

123 1391 214 1422 'res
246 1387 392 1437 partes
424 1379 718 1425 distributum.
778 1381 913 1423 Cuius
943 1380 1114 1436 primus
1145 1388 1210 1423 est
1238 1381 1309 1430 lo-⁴

145 1452 220 1478 cus
261 1451 319 1477 ex
348 1436 685 1492 coniugatione,
740 1453 872 1494 quam
912 1437 1073 1480 Graeci
1116 1440 1308 1494 συζυγίαν

143 1502 325 1545 vocant,
360 1492 578 1537 finitimus
609 1495 849 1547 notationi,
890 1495 944 1537 de
967 1510 1053 1550 qua
1078 1496 1213 1536 modo
1238 1496 1309 1537 di-

145 1558 266 1592 ctum
297 1558 380 1592 est:
435 1558 504 1603 ut,
555 1552 593 1593 si
622 1565 780 1607 aquam
818 1552 1019 1609 pluviam
1048 1566 1146 1594 eam
1175 1551 1309 1592 modo

144 1606 511 1663 intelligeremus,
549 1623 683 1662 quam
713 1608 847 1651 imbri
876 1609 1104 1651 collectam
1131 1607 1309 1650 videre-

144 1679 269 1713 mus3
322 1664 495 1707 veniret
535 1665 733 1714 Mucius,
785 1666 881 1721 qui,
930 1666 1036 1721 quia
1074 1665 1311 1721 coniugata

144 1722 278 1762 verba
297 1730 439 1763 essent
457 1722 611 1778 pluvia
629 1731 668 1764 et
687 1722 897 1778 pluendo,
921 1722 1097 1773 diceret,
1128 1737 1311 1765 omnem

145 1792 306 1832 aquam
338 1787 543 1835 oportere
573 1780 734 1831 arceri,
774 1795 885 1836 quae
912 1779 1108 1838 pluendo
1140 1778 1311 1821 crevis-

147 1842 225 1875 set.
305 1834 461 1890 Quum
501 1845 649 1879 autem
689 1853 712 1878 a
745 1853 906 1891 genere
947 1836 1133 1878 ducetur
1175 1850 1310 1891 argu-

144 1900 372 1942 mentum,
416 1908 508 1934 non
539 1894 623 1936 erit
652 1910 825 1937 necesse
863 1895 904 1937 id
946 1908 1085 1949 usque
1115 1908 1139 1934 a
1170 1894 1310 1950 capite

146 1963 379 1990 arcessere.
439 1950 577 2007 Saepe
608 1951 740 1993 etiam
772 1952 881 1993 citra
903 1953 1026 2000 licet,
1066 1950 1310 1991 dummodo

145 2006 347 2063 superius
373 2007 393 2029 2
433 2007 506 2057 sit,
558 2009 674 2065 quod
704 2009 921 2061 sumitur,
974 2022 1108 2064 quam
1138 2006 1206 2056 id,
1256 2007 1310 2048 ad

147 2077 514 2092 Ἣ
923 2073 929 2075 .

195 2117 226 2160 1)
266 2117 383 2160 Vulgo
412 2118 543 2157 inesse,·
592 2120 685 2164 quod
723 2126 815 2152 recle
841 2121 929 2151 Ern.
957 2119 1113 2151 mutavit
1143 2118 1182 2149 in
1219 2128 1309 2150 esse.

147 2177 169 2195 ι.
192 2175 219 2195 e.
245 2163 447 2205 significare.

191 2209 224 2241 25·
250 2211 310 2242 lm
332 2213 388 2243 ,m
429 2211 518 2242 Bru.
553 2209 667 2253 l'ulgo
691 2221 794 2254 supra
813 2211 867 2242 sit.
