1394 2503
156 127 225 164 556
611 121 866 159 CICERONIS

161 220 223 248 ex
247 200 503 259 cognitionis
527 204 543 226 ¹
576 202 921 256 consultatione,
951 204 1042 254 ubi,
1072 204 1146 256 sit,
1176 218 1318 247 necne

158 263 238 308 sit,
269 268 342 302 aut
360 259 505 309 fuerit,
536 256 794 301 futurumve
807 259 875 309 sit,
907 261 1144 317 quaeritur,
1175 276 1317 304 unum

158 334 298 378 genus
338 325 400 360 est
430 316 717 372 quaestionis,
748 316 942 372 possitne
971 317 1133 373 aliquid
1165 317 1315 361 effici?

158 384 222 426 ut,
248 389 384 431 quum
397 372 638 429 quaeritur,
668 373 920 428 ecquisnam
931 373 1123 430 perfecte
1141 375 1314 432 sapiens

158 449 253 477 esse
272 431 443 490 possit?
475 430 690 481 alterum,
721 429 1096 486 quemadmodum
1120 432 1315 488 quidque

158 489 262 540 fiat3
291 497 360 541 ut,
399 501 591 543 quonam
620 495 746 544 pacto
766 491 904 529 virtus
923 487 1142 544 pariatur,
1179 497 1313 530 natu-

157 562 284 598 rane,
316 561 370 587 an
393 544 585 591 ratione,
614 559 672 586 an
691 545 809 586 usu?
867 544 1000 587 Cuius
1017 544 1190 600 generis
1211 553 1316 588 sunt

157 618 335 653 omnes,
376 601 424 643 in
446 600 625 656 quibus,
664 610 712 642 ut
731 601 778 642 in
800 603 998 644 obscuris
1015 601 1314 644 naturalibus-

159 676 248 717 que
278 658 629 714 quaestionibus,
677 672 832 701 causae
859 659 1138 715 rationesque
1161 657 1314 702 refum

113 760 120 773 s
154 718 450 776 explicantur.

267 829 394 873 XIX.
451 828 572 870 Illius
594 837 739 871 autem
764 829 934 885 generis
947 830 970 881 ,'
986 830 1035 873 in
1065 844 1176 885 quo,
1206 829 1312 885 quid

154 890 210 934 sit
230 888 295 940 id,
327 887 378 927 de
401 900 487 940 quo
509 886 672 941 agitur,
716 888 963 941 quaeritur,
1004 887 1092 929 duo
1111 894 1212 930 sunt
1231 901 1312 943 ge-

152 961 281 990 nera:
313 957 503 999 quorum
528 944 574 984 in
592 943 726 984 altero
746 943 1058 999 disputandum
1078 946 1167 993 est}
1193 943 1311 986 aliud

155 1019 214 1046 an
244 1002 360 1044 idem
391 999 470 1050 sit,
521 1007 569 1041 ut
606 1000 844 1056 pertinacia
887 1010 928 1043 et
959 1000 1308 1057 perseverantia:

151 1061 198 1104 in
221 1059 357 1101 altero
379 1064 548 1104 autem,
579 1056 808 1112 descriptio
830 1059 1013 1113 generiss
1030 1058 1238 1108 alicuius,
1265 1064 1309 1098 et

154 1118 276 1174 quasi
318 1115 466 1169 imago
510 1113 801 1168 exprimenda
829 1124 914 1164 est,
967 1123 1040 1166 ut,
1079 1115 1217 1170 qualis
1252 1113 1308 1155 sit

151 1188 337 1222 avarus,
381 1178 456 1212 aut
483 1171 585 1226 quid
618 1171 671 1213 sit
710 1172 924 1227 superbia.
957 1175 979 1195 2
1036 1171 1190 1213 Tertio
1223 1184 1304 1211 au-

151 1231 299 1273 temin
312 1242 486 1284 genere,
512 1228 557 1268 in
579 1242 687 1282 quc,
715 1228 922 1282 qualesit,
956 1227 1198 1282 quaeritur,
1229 1233 1306 1268 aut

151 1289 205 1332 de
234 1288 481 1334 honestate,
518 1292 592 1325 aut
620 1283 671 1325 de
689 1284 893 1334 utilitate,
924 1292 1000 1326 aut
1021 1285 1073 1325 de
1090 1282 1305 1338 aequitate

150 1344 384 1387 dicendum
415 1348 492 1382 est.
549 1341 619 1382 De
656 1341 883 1382 honestate
900 1341 983 1382 sic:
1025 1348 1097 1389 ut,
1144 1340 1304 1381 Hone-

149 1411 324 1445 stumne
353 1399 408 1440 sit
433 1412 516 1454 pro
549 1397 690 1438 amico
707 1398 957 1454 periculum
995 1405 1071 1439 aut
1098 1396 1305 1438 invidiam

149 1458 309 1501 subire.
369 1457 438 1498 De
457 1453 641 1494 utilitate
664 1462 811 1495 autem
831 1456 916 1496 sic:
949 1463 1012 1504 ut,
1042 1453 1164 1496 Sitne
1180 1453 1301 1504 utile,

148 1518 196 1559 in
216 1530 264 1557 re
284 1512 453 1570 publica
471 1510 816 1552 administranda
835 1511 1012 1555 versari.
1055 1511 1124 1553 De
1147 1511 1300 1565 aequi-

147 1583 244 1618 tate!
260 1586 364 1612 vero
389 1569 470 1610 sic:
492 1576 568 1616 ut,
607 1568 728 1609 Sitne
764 1582 977 1624 aequum,
1026 1567 1188 1610 amicos
1221 1579 1298 1608 co·-

147 1630 286 1688 gnatis
313 1625 543 1669 anteferre.
601 1626 749 1679 Atque
768 1626 813 1666 in
833 1625 915 1667 hoc
950 1624 1105 1666 eodem
1124 1638 1296 1680 genere,

145 1692 193 1733 in
223 1700 338 1743 quO,
380 1682 505 1738 quale
535 1684 614 1733 sit,
648 1681 895 1736 quaeritur,
940 1682 1141 1723 exoritur
1174 1680 1295 1720 aliud

145 1743 362 1803 quoddam
383 1738 629 1796 disputandi
649 1753 801 1794 genus·
859 1739 905 1780 N
908 1752 965 1780 on
981 1739 1098 1780 enim
1118 1736 1295 1793 simpli-

144 1805 250 1845 citer
273 1799 417 1841 solum
446 1796 680 1851 quaeritur,
711 1795 814 1850 quid
834 1794 1071 1837 honestum
1091 1795 1167 1847 sit,
1189 1792 1294 1849 quid

142 1860 250 1905 utile
264 1890 274 1909 ‚
304 1854 407 1910 quid
427 1868 638 1908 aequum,
672 1853 745 1893 sed
765 1852 896 1894 etiam
916 1867 972 1894 ex
995 1850 1293 1907 comparatio-

141 1933 219 1967 ne,
250 1912 350 1971 quid
373 1910 616 1962 honestius,
644 1909 748 1963 quid
770 1910 939 1958 utilius,
963 1908 1067 1964 quid
1089 1907 1290 1963 aequius:

143 1983 272 2030 atque
309 1969 461 2020 etiam,
491 1967 595 2023 quid
633 1966 1016 2021 honestissimum,
1064 1965 1169 2022 quid
1195 1963 1291 2005 uti-

1168 2019 1288 2064 lissi-

144 2084 432 2103 ‚—.,-....-..

189 2143 220 2186 ι)
244 2123 407 2178 Lamb'in.
427 2138 462 2170 in
487 2137 706 2180 cognitionis.

182 2208 222 2253 2)
248 2206 414 2251 superbus
436 2203 553 2251 Guelf.
