1394 2503
143 142 212 177 346
602 136 865 177 CICERONIS

140 219 227 262 tiis.
284 217 522 262 Amicitiae
557 225 707 262 autem
733 217 916 262 caritate
953 226 997 262 et
1025 231 1183 260 amore
1209 233 1314 261 cer·-

140 284 325 319 nuntur.
383 277 501 320 Nam
539 283 636 318 tum
676 274 887 329 deorum,
927 282 1023 321 tum
1055 283 1311 332 parentum,

140 334 397 393 patriaeque
438 334 605 385 cultus,
644 347 890 390 eorumque
930 331 1188 384 hominum,
1229 332 1309 390 qui

141 400 215 433 aut
258 392 489 448 sapientia,
529 398 606 433 aut
643 389 799 446 opibus
829 390 1075 434 excellunt.
1106 389 1159 432 ad
1190 391 1309 433 cari-

138 456 278 492 tatem
307 447 466 491 referri
497 448 618 490 solet.
678 448 900 504 Coniuges
930 455 1094 498 autem,
1124 454 1167 489 et
1193 448 1310 490 libe-

140 506 207 557 ri,
239 513 283 548 et
311 505 490 553 fratres,
524 512 566 547 et
598 504 698 553 alii,
730 520 842 560 quos
872 521 978 549 usus
1013 503 1310 549 familiaritas-

139 578 227 621 que
283 563 539 614 coniunxit,
596 578 866 619 quamquam
937 562 1070 605 etiam
1127 562 1309 604 can-itate

136 621 255 679 ipsa,
284 628 436 663 tamen
467 635 621 663 amore
648 621 850 664 maxime
899 620 1198 666 continentur.
1254 618 1310 665 Iu

138 679 206 721 his
249 679 381 731 igitur
424 680 558 721 rebus
599 692 738 734 quum
777 678 894 721 bona
934 678 1044 726 sint,
1083 674 1213 719 facile
1242 683 1311 719 est

137 736 386 781 intellectu,
418 751 530 791 quae
559 735 647 778 sint
675 737 914 779 contraria.
973 733 1108 789 Quod
1127 733 1166 776 si
1184 748 1309 776 sem—

135 809 217 851 per
244 794 412 844 optima
439 801 592 835 tenere
618 807 863 849 p03.÷emu8‚
894 793 1010 837 haud
1042 805 1159 840 sane,
1189 805 1309 847 quo-

137 852 260 892 niam
282 850 456 906 quidem
480 866 531 892 ea
549 850 785 910 perspicua
813 859 935 902 sunt,
965 847 1152 895 consilio
1180 848 1306 893 mul-

136 915 235 950 tum
266 923 510 965 egeremus,

249 1021 423 1064 XXVI.
483 1020 567 1063 sed
598 1020 697 1078 quia
726 1021 1030 1078 temporibus,
1068 1034 1182 1077 quae
1209 1020 1305 1064 vim

135 1077 300 1122 habent
330 1079 599 1130 maximam,
632 1095 844 1137 persaepe
882 1078 1053 1131 evenit,
1095 1087 1144 1121 ut
1177 1077 1306 1120 utili-

136 1145 202 1178 tas
241 1151 346 1178 cum
389 1136 622 1179 honestate
659 1144 816 1185 certet,
864 1150 1110 1192 earumque
1150 1148 1304 1177 rerum

137 1194 360 1235 contentio
390 1193 657 1249 plerumque
686 1194 1021 1236 deliberationes
1050 1191 1215 1242 efficit,
1245 1205 1304 1232 ne

136 1259 213 1293 aut
250 1260 504 1307 opportuna
542 1259 729 1307 propter
762 1249 1045 1306 dignitatem,
1098 1256 1176 1290 aut
1216 1247 1302 1289 bo-

135 1316 261 1352 nesta
293 1314 476 1364 propter
494 1306 727 1349 utilitatem
739 1307 1072 1363 relinquantur:
1103 1307 1156 1347 ad
1187 1304 1305 1347 hane

136 1363 441 1407 difficultatem
485 1364 795 1421 explicandam
844 1371 1081 1422 praecepta
1129 1359 1304 1404 refera-

136 1436 250 1464 mus.
309 1423 369 1464 Et
406 1422 618 1476 quoniam
655 1435 748 1465 non
776 1421 834 1463 ad
873 1421 1106 1464 veritatem
1146 1420 1302 1468 solum,

135 1478 210 1521 sed
242 1478 372 1520 etiam
403 1477 457 1520 ad
488 1478 721 1536 opiniones
759 1493 948 1527 eorum,
987 1478 1061 1533 qui
1101 1477 1302 1527 audiunt,

133 1536 506 1579 accommodanda
534 1544 600 1577 est
629 1536 793 1579 oratio:
825 1536 910 1578 hoo
937 1535 1137 1594 primum
1166 1533 1302 1576 intel-

132 1594 349 1650 ligamus,
375 1593 613 1636 hominum
641 1595 729 1636 duo
758 1609 852 1637 esse
880 1607 1067 1650 genera3
1108 1591 1301 1633 alterum

134 1651 365 1693 indoctum
406 1658 450 1692 et
484 1659 676 1706 agreste,
713 1650 830 1706 quod
868 1649 1084 1692 anteferat
1119 1661 1298 1704 semper

134 1709 369 1751 utilitatem
402 1708 632 1756 honestati,
664 1709 850 1751 alterum
882 1709 1130 1749 humanum
1160 1712 1300 1762 etpo-

134 1765 296 1817 litum,
335 1765 453 1821 quod
484 1767 616 1808 rebus
649 1766 854 1809 omnibus
883 1764 1140 1821 dignitatem
1168 1769 1299 1805 antc-

133 1831 287 1882 ponat.
344 1824 495 1880 Itaque
532 1823 639 1866 huio
667 1824 819 1880 generi
845 1822 965 1871 laus,
1002 1821 1168 1865 honor.
1197 1820 1298 1875 glo-

135 1880 226 1931 ria,
265 1880 395 1931 fides,
435 1881 619 1931 iustitia,
660 1881 895 1936 omnisque
924 1879 1088 1931 virtus,
1117 1876 1181 1920 illi
1212 1890 1297 1918 au-

133 1945 224 1980 tem
255 1937 407 1988 alteri,
437 1946 670 1992 quaestum
690 1938 1065 1986 emolumentum,
1095 1934 1297 1977 fructus-

136 2010 221 2052 que
249 1995 532 2052 proponitur.
589 1994 739 2053 Atque
769 1996 903 2038 etiam
931 1994 1158 2049 voluptaS,
1185 2004 1298 2047 quae

132 2054 333 2096 maxime
363 2061 426 2095 est
454 2052 636 2095 inimica
661 2053 831 2102 virtuti,
859 2052 1054 2107 bonique
1089 2056 1296 2092 naturam

137 2110 351 2152 fallaciter
377 2109 593 2152 imitando
625 2110 860 2161 adulterat,
897 2124 1033 2165 quam
1062 2105 1298 2149 immanis-

134 2166 274 2209 simus
311 2167 498 2222 quisque
536 2168 750 2210 asersime
780 2167 1007 2223 sequitur,
1046 2178 1192 2221 neque
1221 2178 1297 2205 so-

134 2224 227 2265 lnm
250 2225 447 2266 honestis
473 2225 630 2274 rebus,
670 2226 744 2268 sed
776 2225 904 2268 etiam
935 2221 1192 2268 necessariis
1210 2234 1295 2263 an-
